2317 3767
417 220 713 317 crerint,
898 256 958 335 223

201 538 252 585 tv.
287 534 321 585 C·
346 529 493 585 cnutus
518 527 769 585 'CALPHUiiiilAE
794 526 870 581 80AE
895 534 923 579 8.

169 682 389 810 Nondum
419 727 484 793 sum
512 727 610 814 magis
643 730 681 791 de
712 725 955 813 occupationibus
1060 710 1064 717 ⁴

167 834 241 898 meis
257 834 387 919 questus,
402 852 470 919 quae
483 851 608 898 menon
623 833 799 918 suntpaii'ae,
815 847 867 898 aut
888 852 957 919 pro-
981 860 983 865 ’

166 940 343 1004 ficiscentem
365 952 395 1002 te
413 934 591 1003 valetudinis
605 938 690 1002 causa
705 941 737 1002 in
756 936 956 1023 Campaniam

166 1044 312 1131 prosequi,
338 1058 391 1108 aut
414 1042 591 1128 prosodiam,
620 1043 638 1106 ὲ
665 1043 786 1127 vestigio
810 1036 954 1127 subsequi.

167 1149 263 1217 Nunc
275 1150 359 1213 enim
379 1145 527 1233 praecipue
548 1149 636 1211 simul
658 1148 715 1210 effe
739 1149 907 1231 cupiebam,
923 1157 957 1210 ut

167 1237 261 1320 ocufis
282 1256 357 1319 meis
377 1256 539 1330 crederem,
565 1254 639 1336 quid
658 1253 782 1328 viribus,
806 1252 878 1336 quid
892 1260 958 1316 cot·

168 1360 288 1445 pusculo
302 1361 479 1446 acquireres,
496 1360 527 1424 dc
546 1356 599 1443 qui
613 1354 741 1442 denique
754 1356 886 1433 seccfl'us‚
902 1372 957 1421 vo-

167 1467 305 1550 luptates,
348 1466 530 1551 regionisque
553 1463 783 1527 ¹abundantiam
816 1460 959 1527 inoffensa

167 1571 388 1635 transmitteres.
431 1572 580 1656 Equidem
598 1570 689 1633 etiam
709 1564 818 1633 fortem
841 1580 881 1645 te,
897 1586 959 1631 non

169 1675 229 1741 stne
242 1696 313 1738 cura
325 1676 527 1740 desiderarem.
573 1675 625 1739 Est
644 1676 725 1738 enim
746 1672 914 1758 suspensum
928 1674 959 1738 u

169 1782 294 1845 anxium
314 1783 362 1844 de·
378 1801 426 1855 eo,
449 1800 539 1864 quem
559 1780 755 1843 ardentissime
769 1776 887 1862 diligas,
910 1779 959 1842 in·

168 1883 288 1951 torcium
301 1887 378 1950 nihil
388 1884 472 1949 scire.
516 1880 611 1949 Nunc
626 1906 696 1948 vero
707 1905 762 1947 me
771 1904 840 1947 cum
855 1882 959 1949 absen-

168 1990 230 2070 tiae,
248 2006 314 2057 tum
334 1991 515 2055 infirmitatis
528 2002 589 2053 tuae
607 1990 693 2066 ratio,
710 1990 821 2052 incerta
833 1991 863 2053 u
877 1991 959 2053 tarta

168 2099 353 2164 solicitudine
374 2082 528 2160 exterret.⁴
545 2094 670 2159 'Vereor
683 2095 796 2170 omnia,
813 2095 957 2178 imaginor

166 2206 289 2268 omniat
323 2221 450 2290 quaeque
478 2214 584 2264 natura
612 2201 810 2263 metuentium
836 2200 887 2277 cst,
922 2216 957 2264 ea

152 2311 302 2373 'maxime
322 2310 410 2386 mihi,
433 2326 501 2393 quae
523 2307 654 2369 maxime
673 2307 839 2383 abominor,
862 2303 955 2389 fingo,

171 2413 246 2499 Quo
253 2413 409 2498 impensius
423 2434 505 2497 rogo,
526 2425 560 2475 ut
569 2411 669 2475 timori
680 2426 749 2475 meo
758 2412 890 2496 quotidie
899 2411 957 2473 stn-

170 2520 260 2602 gulis,
286 2516 334 2582 vei
357 2521 448 2583 etiam
461 2519 541 2581 binis
559 2516 687 2601 epistolis
708 2514 852 2582 consulas.
896 2515 959 2580 Eto

170 2623 253 2686 enim
279 2622 415 2703 securior,
441 2626 515 2687 dum
543 2624 623 2707 lego,
652 2619 806 2709 siatimque
831 2623 956 2698 timebo,

170 2749 241 2793 cum
260 2728 366 2815 legero.
412 2729 500 2793 Vale.
963 2740 971 2757 “

522 2961 569 3048 Q
