2317 3767
390 234 700 305 errem.
899 258 961 325 459

260 525 390 572 Lxxxr.
424 527 457 572 C·
481 527 632 572 PLINIUS
656 527 713 570 TR.
744 523 824 570 ΙΜΡζ
848 524 876 567 S.

175 674 552 785 Pnovrnaurrssrus
580 716 716 781 Domine
743 711 847 789 fecisti,
886 715 966 797 quod

170 823 331 908 praecepisti
357 822 547 906 Calphumio
575 823 686 887 Macro
708 806 867 883 clariffimo
887 819 965 896 viro,

170 941 205 991 ut
230 929 426 1011 legionarium
447 929 653 991 centurionem
683 926 864 1010 Bynantium
893 926 966 987 mit-

170 1045 265 1097 teret:
300 1034 407 1116 dispice
438 1040 477 1101 an
503 1033 594 1095 etiam
623 1032 847 1115 Juliopolitanis
878 1029 966 1093 simili

171 1139 285 1201 ratione
299 1138 512 1201 consulendum
527 1152 624 1220 putes,
636 1157 765 1222 quorum
775 1137 881 1199 civitas
894 1158 965 1200 curn

171 1241 206 1304 fit
221 1243 390 1327 perexigua,
413 1265 504 1307 onera
529 1243 663 1306 maxima
677 1241 806 1317 sustinet,
823 1251 965 1326 tantoque

169 1348 319 1432 graviores
334 1348 467 1432 injurias,
483 1362 596 1433 quanto
611 1348 650 1410 esi
667 1347 825 1422 infirmiora
840 1347 962 1429 patitur.

170 1452 324 1536 Qticquid
350 1465 451 1516 autem
476 1453 701 1536 Juliopolitanis
725 1451 902 1535 praestiteris‚
933 1452 963 1513 id

61 1604 63 1609 .
170 1558 262 1636 etiam
288 1559 342 1620 toti
365 1559 526 1641 provinciae
540 1559 679 1641 proderit.
725 1556 801 1619 Sunt
825 1557 906 1618 enirn
931 1555 963 1618 in

168 1663 263 1746 capite
279 1661 440 1748 Bithyniae,
464 1663 656 1748 plurimisque
681 1684 733 1745 per
747 1684 815 1726 eam
828 1683 962 1725 comme·

169 1769 288 1830 antibus
302 1769 457 1832 transitum
468 1770 612 1851 praebent.

342 1999 469 2043 LXXXII.
507 1999 567 2042 Tu.
597 1998 727 2044 rutulo
755 1999 784 2042 S.

171 2146 249 2256 EA
265 2191 397 2254 conditio
410 2189 450 2252 esi
472 2190 600 2253 civitatis
615 2190 830 2275 Byzantiorum
844 2189 960 2253 conflu-

168 2309 236 2358 ente
250 2297 381 2379 undique
405 2297 436 2358 in
462 2317 529 2359 eam
552 2297 786 2359 commeantium
804 2298 902 2373 turba,
927 2310 961 2359 ut

169 2399 330 2462 secundum
344 2399 586 2464 consuetudinem
595 2402 827 2486 praecedentium
843 2416 960 2484 tempo-

167 2525 236 2567 rum
259 2505 422 2567 honoribus
444 2506 508 2590 ejus
530 2507 663 2590 praesrdio
677 2508 857 2570 centurionis
884 2506 960 2590 legi·

167 2611 261 2672 onarii
281 2608 496 2672 consulendum
513 2612 717 2674 habuerimus.
763 2611 794 2674 Si
820 2611 958 2696 Juliopo-

166 2715 267 2779 litanis
275 2714 504 2781 succurrendum
518 2719 624 2779 eodem
639 2718 730 2779 modo
743 2717 957 2801 putaverimus,

167 2808 357 2896 onerabimus
380 2842 434 2884 nos
460 2823 615 2905 exemplo:
646 2823 744 2905 plures
772 2822 854 2901 enirn
875 2834 959 2894 tanto

169 2929 264 3011 magis
298 2928 403 2990 eadem
440 2928 601 3012 requirent,
636 2942 748 3011 quanto
781 2926 957 2990 infirmiores
