2317 3767
8 458 17 497 r

7 546 15 605 l

397 260 666 308 etarnx.
874 260 990 333 433,

151 552 160 568 r<
235 525 337 572 XIIV·
382 525 415 570 C·
442 527 587 573 PLINIUS
610 528 669 572 ΤΚ.
696 526 780 574 ῙΜΡ.
800 526 828 570 S.

8 794 13 801 ,
151 666 354 786 Serenum
380 732 451 783 vota
479 741 533 804 pro
554 719 760 784 incolumitate
788 732 852 796 tua,
876 739 936 803 qua

7 806 10 815 ³
33 841 44 851 '¹
145 826 263 909 publica
275 823 353 887 salus
367 825 547 905 continetur,
563 825 594 888 ἃ
615 824 786 909 suscipimus
799 823 934 887 Domine

86 1013 89 1018 ,
144 932 303 1013 pariter&
325 929 478 1004 solvimus,
502 931 612 1013 precati
627 930 722 1007 Deos,
744 940 777 992 ut
790 929 883 992 velint
899 949 936 992 ea

145 1033 259 1118 semper
274 1033 360 1111 solvi,
386 1032 557 1118 semperque
573 1033 688 1116 signari.

283 1261 370 1307 XLV·
415 1262 606 1314 TRAIANUS
631 1263 758 1309 PLINIO
782 1263 810 1307 S.

5 1521 6 1542 ,
74 1502 78 1509 ,
148 1408 221 1519 Er
236 1453 349 1518 solvisse
367 1476 421 1516 vos
446 1473 517 1517 cum
541 1453 772 1538 provincialibus
795 1453 852 1517 diis
872 1454 931 1519 im·

143 1562 318 1624 mortalibus
332 1573 402 1622 vota
414 1579 468 1641 pro
483 1580 550 1622 mea
565 1558 701 1623 salute&
715 1559 931 1635 incolumitate,

142 1667 173 1729 ἃ
201 1664 392 1748 nuncupasse,
415 1666 540 1728 libenter
561 1665 605 1727 mi
631 1663 764 1728 Secunde
791 1663 932 1727 cariffime

46 1766 52 1776 ’
144 1771 269 1853 cognovi
284 1791 322 1834 ex
334 1770 426 1832 literis
440 1771 510 1834 tuis.

141 2038 143 2043 .
247 2001 341 2046 xnvt.
377 1999 410 2046 C.
434 2000 581 2048 PLINIUS
602 2000 661 2043 tn.
680 1999 765 2044 IMP·
783 2001 812 2044 S.

141 2146 195 2259 ΙΝ
222 2193 432 2279 aquaeduclum
458 2191 595 2258 Domine
622 2186 856 2255 Nicomedenses
871 2191 929 2254 im·

140 2301 305 2381 penderunt
328 2316 382 2361 ns.
399 2307 471 2362 xxx.
486 2318 636 2362 cccxmm·
649 2297 700 2381 qui
725 2297 929 2381 imperfectus,

139 2403 237 2466 adhuc
257 2404 376 2471 relictus
400 2424 435 2466 ac
453 2405 544 2466 etiam
559 2403 722 2474 destructus
745 2403 804 2466 est:
824 2401 929 2466 <rursus

138 2508 172 2568 in
187 2507 281 2570 alium
294 2509 418 2570 ductum
437 2523 555 2591 erogata
567 2508 636 2572 sunt
651 2526 708 2572 cc.
733 2510 790 2571 hoe
811 2530 929 2593 quoque
948 2560 951 2565 .

140 2613 254 2688 relidio,
274 2633 354 2676 novo
368 2613 518 2696 impendio
532 2613 571 2675 est
594 2635 668 2698 opus
696 2626 728 2676 ut
751 2634 859 2697 aquam
872 2615 932 2675 ha·

140 2719 242 2792 beant,
262 2717 313 2801 qui
327 2729 441 2780 tantam
456 2719 613 2800 pecuniam
628 2720 707 2781 male
727 2720 925 2801 perdiderunt.

142 2820 208 2905 lpse
229 2822 349 2904 perveni
364 2822 402 2883 ad
414 2818 529 2885 sontem
540 2821 736 2906 purissimum,
751 2843 790 2886 ex
809 2844 868 2907 quo
882 2823 928 2886 vi-

139 2929 225 2990 detur
240 2948 316 3011 aqua
330 2927 435 2991 debere
449 2928 582 3010 perduci,
597 2927 669 2992 ficut
683 2928 769 2991 initio
782 2940 928 2992 tentatum

498 3029 552 3095 Ff
