2317 3767
213 274 276 345 194
373 273 835 323 c.rr1n.rrrsror.rr.
946 256 949 260 ’

213 419 385 505 podromus,
409 413 525 481 medius
547 415 679 502 patescit,
705 417 861 502 statimque
889 417 1007 481 intran-

214 524 293 589 tium
313 520 409 588 oculis
427 536 508 587 totus
522 522 657 588 offertur.
703 522 836 587 Platonis
848 518 1005 589 circuiunt

215 630 277 695 illae
290 629 399 692 hedera
413 628 590 710 vestiuntur,
620 643 711 714 utque
724 627 851 693 summa!
874 626 946 705 suis,
966 628 1009 695 ita

194 735 286 801 ,imae
314 734 418 798 alienis
442 731 601 799 frondibus
628 735 738 798 virent.
781 732 906 797 Hedera
920 742 1008 797 trun-v

215 861 287 904 cum
312 842 343 906 ἃ
376 862 477 905 tamor
513 854 655 925 pererrat,
681 840 850 926 vicinasque
874 842 1013 926 platanon

216 945 337 1010 transitu
365 945 418 1010 suo
445 949 574 1031 copulat.
626 947 694 1011 Has
718 948 817 1011 buxus
842 940 1026 1042 interjaceu

217 1048 493 1116 Exteriorerbuxos
506 1052 702 1117 circumvenit
721 1049 853 1129 Laurus,
876 1054 1009 1117 umbrae-

217 1176 276 1240 que
289 1156 478 1241 platanorum
489 1157 572 1222 suam
582 1155 709 1222 confert.
752 1158 867 1227 Reuus
880 1156 930 1222 hic
939 1159 1009 1243 hip-

218 1263 355 1345 podromi
383 1263 470 1327 limes
499 1264 532 1327 in
559 1276 693 1327 extrema
724 1276 807 1348 perte
842 1264 1010 1350 hemicyclo

219 1366 375 1453 frangitur,
399 1382 554 1454 mutatque
577 1366 707 1433 faciem:
736 1367 873 1453 cuprctlrr
910 1369 1010 1431 ambi-

221 1487 282 1553 tur,
301 1476 333 1540 δι
355 1475 481 1558 tegitur,
502 1474 633 1538 densiore
649 1475 758 1539 umbra
770 1474 900 1559 opacior,
916 1474 1011 1558 nigri·

122 1626 129 1650 ,ι
221 1602 333 1667 orque:
361 1579 550 1642 interioribus
581 1576 699 1644 circulis
731 1580 812 1666 (sunt
838 1581 921 1644 enim
940 1581 1009 1664 plu·

220 1682 280 1765 res)
311 1683 496 1775 purissimum
526 1680 607 1748 diem
644 1682 778 1771 recipit.¹
819 1686 895 1750 Inde
917 1685 1009 1749 etiam

221 1789 299 1854 rosas
311 1782 412 1866 offert,
437 1791 673 1878 umbrarumque
695 1791 789 1877 frigus
810 1813 872 1856 non
894 1792 1014 1876 ingrato

220 1893 279 1959 sole
305 1894 464 1981 distinguit.
519 1896 622 1963 Finito
644 1896 728 1964 vario
748 1899 813 1976 illo,
834 1898 1010 1983 multiplici·

221 2020 280 2084 que
293 2004 477 2081 curvamine,
501 2004 583 2069 tedio
596 2000 686 2071 limiti
700 2005 843 2082 redditur,
865 2024 921 2069 nec
938 2004 1012 2068 huic

221 2107 285 2171 uni.
328 2107 416 2173 Nam
438 2110 497 2173 viae
524 2111 623 2194 plures
647 2106 894 2174 intercedentibtu
908 2109 1010 2187 buxia,

223 2213 405 2292 dividuntur,
421 2214 494 2279 alibi
507 2215 671 2298 pratulum,
687 2210 758 2279 alibi
777 2214 838 2299 ipsa
847 2216 948 2279 buxus
960 2216 1010 2278 in-

223 2318 350 2383 tervenit
371 2318 404 2383 in
427 2316 540 2386 formas
562 2321 647 2385 mllle
667 2319 822 2405 descripta,
846 2320 939 2384 literis
961 2320 1010 2385 in·

221 2425 354 2502 terdum,
378 2446 447 2509 quae
479 2428 571 2490 modo
599 2444 712 2491 nomen
734 2425 865 2491 Domini
892 2428 1009 2503 dicunt,

223 2530 315 2593 modo
338 2528 479 2594 artificis:
519 2531 640 2595 alternis
660 2533 783 2600 meulae
804 2531 938 2616 surgunt,
963 2534 1008 2596 al-

223 2633 315 2701 temir
328 2632 511 2700 insertasunt
523 2657 633 2721 pomar
656 2637 687 2702 δι
710 2638 852 2722 inopere
875 2638 1009 2703 urbanis-

222 2741 309 2820 simo,
324 2739 421 2807 subita
433 2742 516 2805 velut
532 2742 607 2807 illati
622 2743 701 2806 ruris
711 2743 855 2822 imitatio,
876 2745 1011 2809 medium

222 2850 255 2913 in
268 2848 395 2934 spatium
419 2848 604 2915 brevioribus
626 2848 763 2934 utrinque
775 2850 903 2934 platanis
921 2852 1009 2914 adur-

223 2968 321 3019 natur.
366 2953 433 3019 Post
450 2955 517 3031 har,
539 2950 683 3018 acanthus
696 2955 767 3021 hinc
784 2957 854 3021 inde
878 2956 1010 3020 lubricus
