2317 3767
411 205 555 319 rrae
580 271 602 315 u
648 271 698 316 rx.
885 271 947 339 397

158 413 297 489 ducebat,
322 415 491 491 reducebat,
518 427 553 477 ut
582 432 708 496 puerum
732 412 830 475 caeteri
850 412 947 495 pueri,

158 518 342 598 incredibile,
365 533 428 583 tam
453 539 559 583 verum
579 533 693 593 tamen,
722 538 813 603 quam
837 517 948 600 priora,

159 624 349 707 Delphinum
375 625 560 708 gestatorem,
583 622 817 706 collusoremque
841 643 961 712 puero,

156 750 226 792 rum
240 731 272 792 iu
286 743 397 794 terram
416 752 534 815 quoque
555 729 671 793 extrahi
685 727 815 805 solitum,
839 728 947 792 arenis-

157 855 215 917 que
238 834 377 899 siccatum
397 836 448 899 ubi
470 834 646 910 incaluisset,
672 834 705 896 in
723 855 806 898 mare
820 836 944 899 revolvi.

157 938 284 1004 Constat
301 939 468 1004 octavium
492 939 634 1016 Avitum,
657 941 788 1024 legatum
814 940 946 1005 Procon-

156 1042 239 1119 sulis,
262 1045 294 1107 in
312 1045 384 1107 litus
411 1044 518 1107 educto
536 1045 677 1127 religione
697 1067 787 1129 prava
809 1044 943 1130 supersu-

152 1147 229 1215 ,dlffe
243 1161 445 1232 unguentum:
467 1148 552 1233 cujus
572 1150 660 1212 illum
674 1151 850 1228 novitatem,
869 1154 944 1216 odo·

156 1242 278 1338 remque
292 1254 323 1317 ln
335 1255 431 1317 altum
442 1251 598 1338 refugisse:
620 1276 675 1317 nec
688 1255 741 1318 nisr
751 1255 814 1339 post
832 1259 945 1324 multos
962 1246 965 1253 ’

156 1361 220 1424 dies
241 1357 339 1426 visum
361 1361 537 1444 languidum
551 1362 581 1424 ἃ
604 1359 757 1437 moestum,
784 1382 856 1425 mox
876 1365 945 1425 red·

155 1467 225 1529 ditis
239 1466 363 1543 viribus,
387 1467 516 1550 priorem
530 1465 692 1543 lasciviam,
712 1466 743 1529 ἃ
757 1464 841 1529 solita
854 1467 945 1530 mini-

155 1569 240 1633 steria
262 1571 404 1655 repetisse.
456 1571 660 1638 Confluebant
684 1570 722 1632 ad
746 1572 945 1658 spedlaculum

156 1697 261 1739 omnes
276 1677 470 1760 magistratus,
497 1699 626 1762 quorum
645 1680 777 1742 adventu
796 1679 827 1742 δι
846 1699 943 1755 mora,

157 1782 274 1845 modica
284 1781 374 1866 Resp.
386 1785 473 1847 novis
483 1783 648 1867 sumptibus
661 1785 848 1847 atterebatur.
873 1781 946 1846 Pos-

155 1902 252 1952 tremo
282 1889 366 1952 locus
395 1887 454 1973 ipse
478 1889 610 1972 quietem
634 1888 717 1953 suam
743 1888 945 1971 secretumque

155 1996 306 2079 perdebat.
357 1994 474 2058 Placuit
497 1996 612 2059 occulte
640 1994 776 2073 interfici,
802 1995 840 2056 ad
864 1997 943 2080 quod

154 2103 299 2165 coibatur.
342 2099 421 2164 Haec
435 2114 468 2164 tu
486 2121 546 2185 qua
564 2099 763 2178 miseratione,
789 2121 848 2186 qua
860 2101 944 2185 copia

153 2207 288 2284 deflebis,
311 2208 443 2283 ornabis,
467 2207 605 2271 attolles?
628 2226 800 2291 quanquam
819 2205 943 2270 nonest

154 2310 366 2396 opusaffingae
390 2308 515 2397 aliquid,
538 2325 590 2377 aut
612 2310 754 2388 adstruas,
780 2308 885 2375 sufficit
905 2332 944 2375 ne

154 2436 201 2492 ea,
216 2438 284 2500 quae
297 2416 364 2479 sunt
377 2439 459 2494 vera,
479 2417 665 2481 minuantur.
710 2415 800 2480 Vale.

171 2644 302 2715 XXXIV·
327 2645 362 2691 C·
385 2645 532 2690 PLINIUS
549 2643 789 2709 TRANQJuLo
812 2643 880 2690 SUO
898 2644 926 2689 S.

156 2789 344 2902 Exrrrcu
373 2835 476 2903 aestum
500 2859 615 2903 meum.
659 2837 762 2901 Audio
786 2857 836 2899 me
863 2838 943 2900 male

152 2942 250 3026 legere
269 2943 414 3006 dunum
427 2941 536 3007 versus.
579 2942 744 3009 Orationes
757 2942 840 3009 enim
859 2963 942 3007 com·
