2317 3767
209 219 275 305 456
372 242 545 295 c.1³u·ru.
573 247 832 294 rvrrsrounr.

205 383 258 466 jus
271 387 379 449 domus
389 388 521 451 conditio
534 390 612 452 t'alis.
641 389 807 474 Legaverat
820 411 887 455 eam
903 390 1015 457 Clau*

211 490 279 552 dius
302 488 460 575 Polyaenus
477 490 609 556 Claudio
623 494 748 572 Caesari,
768 496 950 582 julleratque
968 499 1012 559 in

211 594 358 679 peristylio
380 599 525 680 templum
547 598 575 660 ei
600 599 675 675 fieri,
710 601 824 684 reliqua
848 624 886 664 ex
910 605 1013 665 domo

211 700 313 775 locari,
338 722 375 762 ex
394 723 454 784 quo
478 704 607 766 reditum
630 705 803 788 aliquandiu
817 709 920 770 civitas
934 730 1009 789 per-

212 804 308 887 cepitz
333 807 440 868 deinde
458 809 603 891 paulatim
617 811 726 893 partim
741 810 873 894 spoliata,
894 813 1010 896 partim

212 910 363 994 negletla,
384 898 455 975 cum
483 914 631 998 peristylio
659 917 767 978 domus
792 930 854 980 tota
878 916 1011 1001 collapsa

212 1016 264 1092 est,
289 1038 323 1078 ac
341 1017 407 1101 jam
422 1039 498 1101 pene
512 1020 589 1082 nihil
602 1041 639 1082 ex
658 1041 694 1083 ea
717 1021 771 1083 nist
795 1020 891 1085 solum
905 1021 1009 1105 super-

212 1123 264 1185 est.
299 1123 393 1208 Quod
408 1136 441 1186 tu
457 1124 603 1200 Domine,
633 1125 692 1188 five
704 1127 859 1189 donaveris
877 1129 1008 1203 civitati,

213 1230 271 1292 five
285 1231 385 1295 venire
403 1229 521 1313 julleris
537 1244 656 1314 propter
669 1232 918 1314 opportunitatem
931 1235 1007 1311 loci,

213 1358 268 1420 pro
288 1333 406 1399 summo
427 1355 551 1398 munere
575 1336 708 1419 accipieu
752 1335 830 1419 Ego,
851 1337 872 1400 fi
891 1339 1006 1419 permi-

214 1441 294 1518 seris,
310 1441 409 1524 cogito
433 1441 466 1503 in
480 1458 663 1503 area'vacua
677 1441 830 1504 balineum
846 1443 1003 1505 collocare.

216 1547 297 1610 Eum
326 1558 428 1609 autem
453 1547 554 1609 locum
577 1547 608 1609 in
633 1568 695 1630 quo
717 1546 842 1610 aedificia
870 1543 1004 1623 fuerunt,

215 1654 323 1715 exedra
336 1653 366 1715 &
377 1652 536 1736 porticibus
548 1651 699 1734 amplecti,
720 1665 809 1734 atque
830 1652 884 1715 tibi
904 1651 1006 1716 conse-
1027 1649 1031 1654 ’

215 1777 308 1834 crare,
331 1756 416 1841 cujus
429 1755 573 1819 beneficio
590 1759 707 1838 elegans
719 1778 807 1840 opus,
823 1758 1007 1842 dignumque

214 1863 338 1926 nomine
353 1874 405 1925 tuo
425 1861 486 1924 fiet.
531 1860 693 1943 Exemplar
710 1861 886 1938 testamenti,
908 1884 1006 1946 quan-

216 1988 308 2053 quam
319 1965 508 2043 mendosum,
531 1966 595 2028 misr
610 1967 683 2029 tibi:
708 1988 746 2029 ex
760 1989 820 2050 quo
839 1966 1004 2050 cognosces,

217 2074 313 2139 multa
335 2070 511 2155 Polyaenum
526 2072 558 2134 in
585 2069 717 2155 ejusdem
737 2075 845 2135 domus
865 2086 1005 2136 umatum

216 2175 374 2261 reliquisse,
389 2197 457 2261 quae
474 2189 509 2239 ut
529 2179 638 2241 dumus
659 2176 719 2260 ipsa
733 2179 901 2261 perierunt:
926 2181 1006 2243 ime

218 2297 318 2347 tamen
332 2282 521 2366 inquantum
534 2282 674 2365 potuerit,
692 2283 888 2367 requirentur.
991 2354 994 2359 ,

403 2512 529 2558 lxxvi.
554 2512 613 2556 TR·
639 2511 764 2556 PLINIO
786 2510 814 2555 S.
894 2533 897 2535 >
1002 2532 1007 2555 r

221 2659 427 2778 Possumus
449 2714 527 2797 apud
543 2709 701 2775 Prusenses
712 2732 781 2775 area
794 2711 846 2775 ista
867 2732 938 2775 cum
950 2706 1005 2776 du·

220 2843 274 2885 mu
288 2821 424 2907 collapsa,
439 2842 530 2907 quam
543 2841 648 2883 vacare
666 2818 776 2898 scribis,
792 2822 830 2882 ad
844 2820 1007 2883 extruffioe

220 2949 291 2993 nem
310 2929 418 2994 balinei
439 2928 494 2993 uti.
541 2925 623 2993 Illud
645 2940 746 2990 tamen
760 2945 866 3009 parum
891 2924 1003 3008 expres-
