2317 3767
416 261 608 311 cinti<
652 265 751 309 X.¹

274 532 384 579 xxxm.
418 532 605 585 TRAIANUS
622 527 745 574 PLINIO
767 529 796 573 S·

8 790 12 825 ,ΐ
92 707 95 711 ’
161 679 378 792 Secundum
403 726 544 787 mandata
564 744 631 787 mea
656 719 726 795 fecit
751 708 951 803 sempronus'

157 828 321 907 Caeiianus‚
338 831 482 893 mittendo
508 831 545 891 ad
570 840 600 889 te
617 849 679 901 eos,
700 829 737 888 de
752 827 859 909 quibus
872 845 950 914 cog-V

156 934 234 999 nosci
247 937 412 1019 oportebat,
428 956 467 996 an
481 934 604 1015 capitale
623 930 796 1015 supplicium
808 930 949 1019 meruiffe
1036 988 1039 997 .

155 1042 324 1119 videantur.
369 1037 472 1102 Refert
488 1053 608 1114 ⁴autem,
634 1037 793 1099 voluntarii
812 1034 840 1096 se
854 1037 944 1105 obtu-

157 1146 258 1221 lerint,
269 1165 307 1206 an
319 1145 386 1205 ledii
399 1142 465 1219 sint,
481 1144 529 1213 vel
543 1143 633 1205 etiam
648 1142 749 1203 vicarii
760 1140 831 1202 dati.
857 1139 944 1202 Lecti

157 1250 178 1313 fi
192 1248 257 1325 sint,
281 1247 431 1331 inquisitor
445 1248 596 1329 peccavit:
621 1245 755 1309 stvicarii
766 1246 838 1321 dati,
854 1266 944 1328 penes

157 1351 207 1417 eos
220 1354 308 1437 culpa
322 1352 424 1436 estqui
439 1354 595 1433 dederunt,
618 1350 639 1413 fi
653 1352 704 1435 ipsi
718 1371 788 1412 cum
802 1349 944 1413 haberent

158 1458 333 1522 conditionis
348 1456 407 1519 suae
426 1455 644 1534 conscientiam,
665 1454 820 1531 venerunt,
846 1457 945 1517 anim-

159 1564 373 1648 advertendum
398 1563 429 1624 in
456 1562 523 1624 illos
538 1563 605 1624 erit.
648 1561 757 1644 Neque
771 1563 851 1624 enim
862 1562 943 1624 mul-

158 1680 224 1728 tum
250 1664 376 1741 interest,
395 1668 474 1749 quod
486 1669 620 1730 nondum
635 1688 686 1750 per
696 1688 835 1729 numeros
848 1666 944 1729 distri·

157 1771 222 1833 buti
242 1770 319 1834 sunt.
364 1771 421 1835 Ille
443 1772 525 1833 enim
547 1771 622 1847 dies,
644 1793 704 1854 quo
726 1771 856 1854 primum
875 1792 945 1854 pro-

158 1875 306 1953 badium,
329 1877 483 1948 veritatem
497 1879 534 1940 ab
543 1877 592 1941 his
607 1876 728 1960 originis
737 1874 797 1939 suae
807 1876 908 1960 exigit.

232 2130 288 2173 xL.
326 2128 359 2172 C.
382 2128 531 2174 nimus
552 2129 719 2182 TRAIANO
740 2130 823 2175 ῙΜΡ.
851 2131 880 2175 S.

166 2248 299 2377 Snnvn
316 2300 520 2383 magnitudine
540 2300 768 2385 tum-Domine,
791 2301 948 2365 descendas

162 2417 275 2486 oportet
286 2396 322 2467 ad
336 2427 418 2485 meas¹
429 2427 525 2483 curas,
539 2426 609 2469 cum
615 2407 667 2490 jus
678 2406 753 2468 mihi
768 2408 881 2469 dederis
898 2428 946 2469 re-

162 2505 276 2575 ferendi
301 2512 338 2572 ad
360 2522 401 2585 te,
417 2512 453 2572 de
467 2513 573 2593 quibus
593 2511 707 2574 dubito.
753 2511 791 2574 In
805 2510 948 2593 plerisque

162 2614 344 2690 civitatibus,
356 2617 487 2676 maxime
500 2614 690 2678 Nicomediae
702 2617 733 2679 dc
747 2606 865 2691 Nice'ae‚
880 2615 947 2699 qui·

164 2721 234 2781 dam
251 2708 298 2781 nel
317 2719 349 2781 in
371 2740 444 2801 opus
461 2720 606 2796 damnati,
627 2722 675 2782 vel
689 2721 721 2782 in
736 2721 852 2795 ludum,
868 2719 947 2781 fimi-

165 2825 263 2907 liaque
277 2823 324 2884 his
335 2843 441 2906 genera
459 2844 630 2905 poenarum,
645 2825 832 2907 publicorum
850 2821 948 2903 servo·

166 2950 233 2993 rum
244 2926 341 2992 officio
350 2925 564 3011 ministerioque
573 2925 749 3013 funguntur,
764 2942 850 3015 atque
858 2922 949 2990 etiam
