2317 3767
237 251 302 322 434
407 255 440 300 c.
466 250 579 301 enin,
604 250 868 302 nrisrotnn.

236 409 310 474 erat,
334 412 455 462 arcuato
468 415 567 481 opere,
592 418 630 460 ne
655 411 773 461 tanturn
794 399 832 460 ad
846 399 935 482 plana
955 398 1035 462 civi·

237 503 658 587 tatis&humllirpervennt.
703 503 835 567 Manent
847 504 945 566 adhuc
954 524 1033 586 pau·

237 607 341 673 ciiiimi
370 628 468 685 arcus,
497 604 663 692 poliunt&
685 609 758 692 erigi
783 608 907 692 quidam
931 608 1034 693 lapide

237 716 392 798 quadrato,
406 712 458 797 qul
480 732 518 775 ex
542 711 688 797 superiore
711 732 800 797 opere
814 713 963 776 demitte
976 710 1032 777 est.

239 812 352 903 Aliqua
372 816 510 903 ptn,'ut
538 819 614 882 mihi
638 819 767 894 videtur,
792 818 917 881 testaceo
943 840 1035 903 opere

240 924 353 1008 agenda
366 925 433 987 erit.
479 924 517 989 Id
532 925 615 995 enim
624 926 655 988 dt
666 922 795 999 facilius,
811 925 842 987 dc
856 923 957 987 vilius.
992 924 1036 988 Et

240 1031 376 1114 inprimis
398 1029 591 1094 neceffarium
604 1029 657 1106 est,
675 1030 756 1092 mitti
774 1026 835 1093 ite
857 1030 906 1091 vel
917 1030 1033 1113 aquile-

239 1157 320 1220 gem,
336 1137 384 1199 vel
406 1135 614 1211 architedium,
632 1139 682 1198 'ne
696 1133 794 1198 rursus
813 1134 930 1197 eveniat
950 1137 1035 1219 quod

241 1242 358 1306 accidit.
402 1240 469 1325 Ego
482 1242 559 1303 illud
572 1257 669 1303 untnn
680 1239 809 1318 affirmo,
829 1242 860 1304 δι
873 1241 1035 1303 utilitatem

240 1348 348 1431 operis,
374 1348 405 1411 ὅτ
430 1346 683 1431 pulchritudinem
696 1345 794 1409 seculo
814 1360 867 1410 tuo
890 1345 949 1410 effe
965 1348 1035 1429 dig-
1139 1352 1144 1359 ’

242 1446 402 1516 nlliirnem.
553 1447 557 1453 ’

256 1688 260 1693 ’
359 1677 482 1730 xtvu.
528 1674 912 1735 tnnjnnnsnnlntos.

249 1828 489 1944 Curinnun
513 1874 554 1939 est
575 1886 610 1939 ut
631 1895 709 1957 aqua
727 1873 759 1937 in
782 1871 1036 1937 Nicomedensem

244 1982 394 2044 civitatem
418 1982 605 2066 perducatur.
650 1978 744 2043 Vere·
757 1981 846 2042 credo
859 1990 888 2041 te
908 1998 955 2057 ea,
974 2001 1038 2064 qua

246 2087 379 2163 debebis,
420 2085 584 2170 diligentia,
620 2086 678 2149 hoc
713 2105 788 2168 opus
821 2084 1034 2168 aggrellurum.

247 2192 305 2257 Sed
319 2186 436 2255 medius
454 2191 544 2254 fidius
561 2192 601 2253 ad
614 2193 740 2253 eandem
753 2189 935 2273 diligentiam
951 2201 1037 2253 tuam

245 2297 371 2382 pertinet
396 2296 696 2380 inquirere-quorum
718 2295 792 2358 vitio
808 2296 846 2357 ad
873 2295 932 2358 hoc
960 2315 1038 2378 opus

247 2414 361 2466 tantam
389 2402 547 2486 pecuniam
569 2398 804 2465 Nieomedenses
835 2400 1036 2483 perdiderint:

248 2530 286 2573 ne
310 2524 388 2574 eum
399 2509 475 2571 inter
493 2506 522 2568 se
544 2505 760 2591 gratificantur,
780 2506 812 2569 δι
833 2505 1040 2569 inchoaverint

249 2613 453 2702 aquaedniiun
466 2613 497 2677 ἃ
510 2612 693 2697 reliquerint.
737 2610 823 2696 Quid
838 2610 938 2695 itaque
952 2631 1038 2677 com-

249 2721 368 2806 pererit,
388 2716 485 2806 perfer
499 2719 531 2816 ln
545 2716 684 2781 notitiam
694 2733 806 2780 menn.
