2317 3767
212 270 253 342 24
367 273 400 319 c.
431 241 546 322 ru'ru.
570 273 839 321 arrsrounrt.

209 416 441 500 constanterque
460 417 597 493 veniunt,
617 437 673 480 nec
689 428 791 480 tamen
812 430 1000 501 permanent,

192 520 258 585 ised
283 536 352 588 ante
370 521 463 586 finem
478 525 638 586 recedunt:
661 524 713 586 alii
734 522 949 588 diffimulanter
969 526 1001 588 ἃ

208 624 327 705 furtim,
353 628 405 691 alii
428 627 649 712 simpliciter&
670 630 773 694 libere.
818 629 863 693 At
881 630 1001 693 hercule

210 735 356 798 memoria
366 746 535 817 parentum,
546 733 713 799 Claudiurn
723 735 875 801 Caesarem
885 732 999 811 ferunt,

209 859 281 903 cum
300 840 333 903 in
354 836 470 912 Palatio
484 837 668 923 spatiaretur,
688 841 870 926 audiffetque
885 843 1000 905 clamo·

208 965 286 1022 rem,
310 943 610 1030 eausamtrequisrffe:
634 967 763 1031 cumque
787 948 902 1011 ditium
916 946 999 1023 effer,

165 1067 166 1071 ’
207 1051 329 1120 recitare
349 1051 541 1129 Nonianum,
565 1052 696 1116 subitum
710 1052 846 1133 recitanti
862 1053 999 1135 inopina-¹

207 1168 332 1241 tumque
364 1156 485 1221 veniffe.
541 1157 637 1221 Nunc
664 1158 849 1222 otiosrffimus
877 1158 1002 1243 quisque

208 1264 306 1327 multo
327 1277 396 1327 ante
417 1277 549 1348 rogatur,
575 1266 606 1336 ἃ
631 1264 794 1328 identidem
814 1265 1011 1342 admonitus,v

207 1384 259 1435 aut
280 1389 346 1446 non
361 1372 456 1449 venit,
476 1384 539 1449 aut,
560 1372 582 1434 sr
602 1371 697 1446 venit,
720 1371 854 1454 queritur
866 1368 895 1432 se
904 1371 998 1447 diem,

205 1477 349 1561 quianon
359 1477 529 1562 perdiderit,
538 1521 542 1528 ·
551 1475 716 1560 perdidiffe.
761 1475 820 1539 sed
834 1487 919 1538 tanto
931 1497 998 1539 ma·

205 1583 251 1667 gis
265 1583 407 1646 laudandi
421 1583 625 1665 probandique
635 1581 714 1673 ¹sunt,
734 1602 808 1665 quos
823 1581 840 1646 ai
854 1582 999 1647 scribendi

206 1689 408 1771 recitandique
431 1686 527 1749 studio
547 1688 613 1750 haec
634 1689 806 1751 auditorum
827 1690 876 1751 vel
890 1687 999 1752 desidia

205 1795 255 1856 vel
267 1792 402 1876 superbia
416 1813 478 1856 non
491 1794 630 1856 retardat.
676 1792 825 1878 Equidem
840 1815 929 1877 prope
942 1815 997 1857 ne·
1019 1821 1024 1836 ’-

205 1899 281 1963 mini
306 1894 404 1961 defuit
434 1910 519 1961 erant
537 1896 606 1961 sane
632 1899 764 1983 plerique
782 1900 884 1962 amici.
927 1899 997 1971 Ne·

205 2023 264 2088 que
277 2004 359 2066 enim
381 1999 444 2067 fere
458 2003 498 2067 est
517 2001 674 2088 quisquam
687 2005 740 2088 qui
753 2003 859 2082 studia,
883 2016 917 2067 ut
934 2027 997 2069 non

205 2108 333 2176 fimul&
348 2130 403 2185 nos
417 2121 508 2174 amet.
544 2109 605 2175 His
616 2130 654 2173 ex
661 2108 753 2172 caulis
763 2110 893 2192 longius,
904 2131 996 2195 quarn
1025 2145 1028 2171 ;

157 2225 159 2229 “
205 2214 429 2293 destinaveram,
453 2215 698 2298 tempusinurbe
711 2213 886 2298 consumpst.
924 2214 996 2279 Pos-

204 2321 269 2386 sum
279 2322 345 2406 jam
366 2314 496 2406 repetere
514 2319 664 2399 seeeffurn,
687 2319 851 2385 &scribere
868 2323 994 2406 aliquid,

203 2430 284 2513 quod
292 2448 354 2492 non
362 2429 494 2504 recitem,
511 2428 667 2504 revideat,
675 2447 804 2511 quorum
812 2426 994 2489 recitationi·

202 2535 260 2598 bus
273 2530 360 2611 affui,
374 2553 437 2598 non
450 2535 568 2599 auditor
577 2529 675 2609 fuisse,
686 2531 735 2596 sed
746 2533 885 2595 creditor.
906 2531 994 2596 Nam

201 2637 238 2703 'ut
250 2640 283 2704 in
302 2640 416 2704 eaeteris
430 2641 529 2715 rebus,
551 2639 593 2707 ita
608 2639 640 2702 in
653 2638 793 2704 audiendi
806 2636 906 2704 officio
918 2638 995 2724 perit

202 2745 309 2831 gratia,
331 2743 353 2809 st
374 2742 550 2831 reposcatur.
596 2743 686 2812 vale,
