2317 3767
209 263 253 333 90
362 265 395 311 c.
426 260 543 311 reru.
573 262 837 313 arrsrornn.

207 407 304 471 millia
318 406 454 492 passuum
466 409 543 473 tria:
568 429 624 472 nec
638 411 739 473 minus
754 406 890 472 animum
905 429 997 495 quam

208 530 316 597 corpus
336 526 462 577 exercet.
507 513 539 578 Si
559 513 665 578 adsunt
685 516 788 590 amici,
807 514 997 580 honestissimi

207 616 357 682 sermones
380 620 585 704 explicantur:
615 620 637 683 fi
663 641 740 697 non,
766 620 844 684 liber
867 621 995 705 legitur:

208 725 360 789 interdum
380 725 471 788 etiam
490 722 683 809 praesentibus
707 725 833 789 amicis:
856 724 998 792 fitamen

208 830 254 893 illi
268 852 331 894 non
353 844 523 915 gravantur.
569 829 691 895 Deinde
709 828 850 909 confidet,
871 833 1001 897 &liber

209 936 319 1014 rursus,
334 949 387 999 aut
400 934 497 999 sermo
518 934 596 1000 libro
609 937 717 1021 potior,
740 955 814 1001 mox
826 934 999 1002 vehiculum

208 1040 358 1105 ascendite
389 1039 508 1105 assumit
530 1060 656 1107 uxorem
679 1041 833 1126 singularis
858 1041 999 1127 exempli,

210 1149 257 1210 vel
270 1148 400 1232 aliquem
415 1149 593 1224 amicorum,
605 1161 639 1210 ut
653 1167 702 1211 me
715 1143 861 1231 proxime.
894 1148 999 1233 Quam

209 1253 367 1338 pulchrum
381 1250 469 1330 illud,
495 1275 588 1337 quam
602 1253 689 1316 dulce
713 1252 878 1317 secretumz
904 1271 1000 1339 quan-

209 1372 277 1424 tum
301 1360 344 1424 ibi
373 1360 573 1443 antiquitatis:
605 1382 673 1443 quae
704 1355 795 1436 sacia,
822 1380 898 1444 quos
919 1361 1000 1427 viros

208 1466 324 1542 audias,
355 1465 463 1550 quibus
484 1461 637 1548 praeceptis
658 1465 803 1528 imbuare.
849 1462 1001 1550 Qramvie

210 1571 261 1635 ille
285 1572 343 1634 hoc
361 1582 630 1653 temperamentum
650 1570 801 1633 modestiae
819 1569 878 1634 suae
900 1569 1001 1636 indix-

164 1669 170 1682 ’
209 1677 276 1752 erit,
302 1694 341 1738 ne
361 1674 518 1758 praecipere
541 1671 687 1739 videatur.
734 1675 864 1740 Peraelis
890 1676 1001 1761 septem

210 1781 345 1847 millibus
355 1777 503 1863 passuum,
518 1778 627 1843 iterum
642 1782 879 1868 ambulatmille,
894 1784 1003 1846 iterum

210 1887 325 1962 residet,
349 1887 398 1948 vel
412 1885 440 1949 se
454 1884 593 1949 cubiculo
607 1907 641 1949 ae
658 1886 732 1970 stylo
746 1888 851 1951 reddit.
896 1888 1004 1954 Scribit

211 1993 305 2069 enim,
327 1991 494 2077 &quidem
512 2005 637 2077 utraque
655 1990 769 2075 lingua,
787 1994 881 2078 lyrica
894 1994 1001 2058 doetis-

211 2098 295 2174 sime,
315 2095 393 2160 mira
414 2095 472 2160 illis
492 2099 630 2174 dulcedo,
658 2099 735 2161 mira
758 2098 897 2176 suavitas,
927 2101 1005 2164 mira

212 2204 356 2281 hilaritas,
379 2202 464 2287 cujus
477 2204 605 2286 gratiam
619 2205 753 2269 cumulat
776 2203 913 2270 saneiitas
934 2205 1003 2270 scri-

212 2311 320 2376 bentis.
365 2309 430 2374 Ubi
444 2309 518 2372 hora
538 2311 648 2375 balinei
662 2313 804 2390 nunciata
817 2312 857 2375 est
878 2311 931 2396 (est
949 2334 1003 2375 au-

212 2430 276 2483 tem
300 2418 409 2501 hyeme
436 2435 528 2490 nona,
552 2416 649 2480 aestate
677 2414 796 2497 oslava)
825 2418 858 2506 in
883 2417 954 2493 sole,
984 2416 1005 2480 fi

213 2535 301 2588 caret·
315 2535 418 2598 vento,
445 2522 579 2585 ambulat
601 2526 710 2588 nudus.
757 2525 878 2590 Deinde
900 2546 1004 2589 move-

213 2645 264 2702 tur
275 2631 337 2715 pila
350 2629 543 2692 uehementer
555 2631 587 2694 δι
601 2630 663 2693 diu.
704 2627 795 2695 -Nam
808 2631 867 2695 hoc
887 2652 1005 2715 quoque

214 2735 433 2806 exercitationis
466 2755 575 2818 genere
602 2751 715 2820 pugnat
745 2758 816 2802 cum
842 2735 1003 2799 seneuute.

216 2844 314 2911 Lotus
326 2843 463 2916 accubat,
483 2841 515 2906 ἀ
529 2841 674 2927 paulisper
686 2840 788 2906 cibum
801 2839 912 2906 differt.
952 2835 1006 2905 In-

215 2951 305 3015 terim
319 2949 402 3013 audit
423 2948 571 3031 legentem
594 2947 738 3014 remiffius
752 2949 864 3035 aliquid
886 2949 917 3013 ἃ
938 2949 1005 3018 dul,
