2317 3767
323 298 325 302 ’
409 294 676 347 bracar.
758 287 761 292 ⁴
895 294 931 344 21

136 441 320 526 sapientibus
331 464 385 527 pro
399 442 564 506 neceffitate
578 442 630 520 est,
656 444 695 505 ad
709 441 767 505 hoc
777 438 934 503 consilium

141 550 303 632 compulite
328 569 501 633 quanquam
522 549 668 632 plurimas
687 547 809 610 vivendi
832 543 934 609 causas

139 653 314 731 habentem,
330 653 477 738 optimam
488 650 711 729 conscientiam,
725 653 872 736 optimam
884 648 932 715 fa·

139 775 235 836 mam,
251 760 418 822 maximam
431 759 658 822 audioritatem:
674 773 814 841 praeterea
824 757 931 835 filiam,

139 885 277 941 uxorem,
290 879 442 948 nepotem,
458 862 581 941 sorores,
594 864 727 948 interque
741 875 786 926 tot
795 864 931 946 pignora,

140 989 226 1031 veros
241 970 366 1033 amicos.
412 969 470 1033 Sed
487 981 550 1031 tam
564 970 665 1052 longa,
687 979 751 1031 tam
765 969 867 1053 iniqua
877 990 931 1033 va·

139 1076 273 1137 {etudine
286 1074 524 1151 conflictabatur,
545 1087 578 1137 ut
600 1075 666 1138 haec
680 1086 764 1137 tanta
777 1074 870 1159 pretia
884 1074 931 1137 vi·

140 1180 230 1242 vendi
255 1180 359 1242 mortis
389 1179 554 1243 rationibus
578 1181 777 1243 vincerentur.
821 1178 932 1264 Tertio

139 1285 171 1348 δι
185 1284 332 1347 m'cefimo
344 1305 424 1347 anno
446 1286 492 1369 (ut
505 1283 601 1369 ipsum
615 1285 826 1369 praedicantem
845 1284 931 1347 audi·

139 1385 242 1467 ebam)
261 1390 372 1471 pedum
386 1390 489 1453 dolore
499 1404 650 1475 correptus
662 1389 714 1454 est.
751 1388 870 1452 Patrius
882 1390 933 1452 hic

139 1495 196 1574 ini,
224 1494 312 1558 Nam
323 1496 499 1580 plerumque
511 1496 610 1560 morbi
624 1515 744 1581 quoque
757 1515 810 1579 per
822 1492 932 1556 succes-
1045 1491 1048 1497 ’

139 1598 235 1662 fiones
247 1599 399 1683 quasdam,
421 1602 534 1678 utalia,
556 1603 725 1666 traduntur.
769 1599 864 1665 Hunc
878 1601 932 1663 ab·

139 1702 287 1781 stinentia,
313 1703 479 1784 sanffitate,
504 1709 604 1790 quoad
622 1707 726 1770 viridis
748 1721 832 1785 aetas,
860 1708 934 1772 vicit

139 1809 172 1873 dc
190 1804 296 1892 fregit:
317 1810 473 1875 noviffime
486 1832 557 1875 eum
571 1811 718 1876 senectute
730 1811 932 1897 ingravescen-

139 1928 215 1992 tem,
240 1916 354 1980 viribus
376 1917 471 1979 animi
496 1915 663 1980 sustinebat.
710 1915 795 1981 Cum
810 1918 931 2002 quidem

139 2020 327 2084 incredibiles
346 2021 506 2098 cruciatus,
524 2023 555 2087 δι
574 2021 773 2106 indigniffima
784 2035 933 2089 tormenta

138 2138 300 2209 pateretur.
323 2125 395 2210 Jam
407 2128 489 2191 enim
498 2129 584 2191 dolor
597 2149 659 2191 non
669 2129 794 2212 pedibus
804 2127 884 2208 solis,
898 2142 933 2193 ut

137 2233 233 2316 prius,
256 2232 420 2296 insidebat:
443 2231 493 2295 sed
514 2235 618 2297 omnia
629 2236 766 2298 membra
787 2256 931 2320 pervaga-

137 2340 238 2402 batur.
277 2337 358 2401 Veni
371 2340 492 2401 adeum
504 2338 676 2404 Domitiani
690 2342 886 2424 temporibus,
899 2342 931 2404 in

18 2513 23 2522 ,
138 2444 308 2508 suburbano
327 2445 490 2529 jacentem.
535 2443 620 2509 Servi
639 2443 656 2508 ὲ
679 2446 818 2530 cubiculo
839 2445 933 2509 reces-

139 2546 246 2614 serunt.
291 2548 435 2614 Habebat
448 2549 531 2612 enim
544 2550 604 2615 hoc
625 2552 729 2628 moria,
754 2552 869 2636 quoties
884 2553 932 2615 in·

139 2654 238 2718 traffet
259 2654 376 2719 fidelior
388 2656 515 2734 amicus,
542 2656 706 2740 quinetiam
721 2678 808 2734 uxor,
836 2676 933 2741 quan·

137 2779 231 2844 quam
245 2761 345 2825 omnis
362 2759 464 2825 secreti
485 2761 680 2846 capaciffuna,
700 2764 930 2846 digrediebatur.

138 2866 324 2930 Circumtulit
347 2869 447 2945 oculos,
475 2869 511 2932 &
540 2890 594 2932 cur
617 2864 751 2953 (inquit)
779 2890 822 2930 me
846 2880 933 2953 putas

136 2969 186 3037 hes
209 2983 304 3035 tantos
321 2972 427 3038 dolores
445 2972 730 3059 tamdiusustinen?
755 2984 801 3051 ut,
818 2970 932 3059 scilicet
