2317 3767
331 264 333 269 ⁴
359 265 379 312 r
402 268 416 311 r
442 230 551 330 arn
597 263 687 310 vrrr.
901 254 961 322 329

171 419 276 484 tatem,
292 408 418 491 margini
431 407 573 470 insiliunt.
620 404 659 468 In
673 402 801 475 summa,
817 398 893 461 nihil
907 398 963 459 erit

171 533 211 596 ear
231 526 292 594 quo
315 534 377 575 non
395 514 494 597 capias
512 513 719 594 voluptatem·
753 505 840 570 Nam
865 503 961 566 stude·

64 664 67 669 ι
126 694 129 700 ,
171 619 219 681 bis
238 610 366 701 quoque,
381 621 412 682 δι
434 620 514 699 leges
533 617 629 679 multa
642 615 807 676 multorum
822 609 963 671 omnibus

107 729 110 733 ’
170 723 332 798 columnis,
358 724 499 785 omnibus
521 718 680 804 parietibus
694 716 841 799 inscripta,
855 715 963 799 quibus

123 818 126 822 i
171 825 240 889 fons
255 829 306 890 ille
322 826 462 910 Deusque
480 827 655 889 celebratur.
700 821 790 885 Plura
815 821 961 894 laudabis,

171 934 318 995 nonnulla
332 933 453 1007 ridebis,
476 950 649 1014 quanquam
664 941 696 990 tu
719 948 801 1001 vero,
828 948 896 1010 quae
912 938 965 988 tua

171 1037 355 1113 humanitas,
368 1038 451 1099 nulla
465 1037 584 1098 ridebis.
630 1033 718 1096 Vale.

288 1267 338 1311 tx.
370 1266 579 1310 cernulus
608 1261 699 1306 URSO
727 1261 846 1307 SUOS.
878 1308 881 1315 ,

172 1409 306 1521 Onu
331 1478 392 1520 non
420 1458 531 1521 librum
561 1456 593 1518 in
623 1476 742 1530 manus,
769 1477 831 1518 non
854 1453 961 1538 stylum

171 1561 289 1644 sumpfi.
333 1561 422 1626 Olim
450 1560 572 1637 nesci0‚⁴
595 1563 666 1644 quid
691 1561 725 1624 fit
752 1563 860 1637 otium,
892 1560 962 1642 quid

83 1657 84 1660 ¹
104 1706 108 1717 ‹
171 1669 267 1749 quies,
284 1669 355 1750 quid
374 1668 500 1749 denique
517 1668 591 1729 illud
614 1668 691 1730 iners
706 1667 839 1750 quidem,
850 1665 967 1750 jucun-¹

171 1773 246 1832 dum
259 1785 371 1847 tamen,
394 1772 470 1833 nihil
484 1792 580 1854 agere,
598 1773 673 1834 nihil
684 1772 759 1835 effe:
782 1774 857 1834 adeo
867 1772 963 1834 multa

149 1948 151 1953 ,
171 1899 223 1962 me
236 1878 353 1959 negotia
372 1877 537 1939 amicorum
551 1896 605 1938 nec
627 1877 769 1952 secedere,
785 1898 838 1939 nec
852 1876 964 1940 studere

171 1963 348 2064 patiuntur..
380 1980 479 2044 Nulla
507 1982 590 2043 enim
615 1981 708 2043 studia
733 1984 808 2044 tanti
829 1981 907 2057 sunt,
929 1994 963 2044 ut

170 2088 310 2149 amicitiae
321 2085 455 2150 officium
470 2086 635 2149 deseratur:
660 2089 741 2169 quod
758 2086 962 2170 religiosrffime

168 2192 393 2256 custodiendum
407 2191 500 2256 studia
516 2191 575 2276 ipsa
590 2192 774 2277 praecipiunt.
821 2193 908 2256 Vale.

226 2432 260 2475 X.
290 2433 323 2476 C.
347 2433 497 2480 PLINIUS
525 2434 674 2480 FABATO
704 2436 913 2482 Pnosoc-Eko

511 2542 575 2585 SUO
597 2542 625 2584 S.

174 2682 284 2825 Quo
309 2729 405 2810 magis
427 2731 509 2813 cupis
539 2752 577 2794 ex
602 2734 689 2795 nobis
714 2745 890 2816 pronepotes
915 2733 962 2795 vi-

162 2834 251 2908 dere,
267 2833 325 2895 hoc
338 2833 445 2896 tristior
455 2837 567 2913 audies,
589 2852 709 2920 neptem
725 2851 808 2900 tuam
823 2840 962 2929 abortum

167 2934 277 3016 sedile,
292 2940 366 3002 dum
381 2937 409 3002 se
429 2956 632 3025 praegnantem
646 2941 703 3004 elle
718 2942 888 3023 puellariter
908 2964 961 3007 ne-
