2317 3767
190 266 251 323 Μ
349 276 816 325 manumissorum

263 541 309 587 11.
344 542 377 588 C·
402 543 550 590 PLINIUS
579 528 749 591 assumito
776 545 843 592 SUO
865 547 894 591 8.

188 682 321 803 socco
337 755 555 820 nonnunquam
566 735 599 798 in
608 716 729 820 judiciis
739 757 869 819 quaerere
884 738 974 802 Mar·

181 860 252 905 cum
278 841 451 923 Regulum:
479 842 550 904 nolo
571 841 653 905 enim
668 843 777 917 dicere,
799 841 970 906 desiderare.

181 942 249 1010 Cur
276 967 346 1030 ergo
370 947 493 1029 quaero?
521 948 652 1010 habebat
679 945 780 1009 studiis
814 948 1000 1026 honorem„

181 1051 317 1129 timebat,
332 1053 474 1135 pallebat,
492 1050 654 1115 scribebat:
680 1052 817 1136 quamvis
832 1073 893 1115 non
907 1052 972 1137 pos-

180 1154 222 1218 set
235 1156 380 1220 dediscere
404 1158 479 1220 illud
496 1156 604 1241 ipsum,
632 1159 712 1242 quod
735 1158 856 1220 oculum
879 1160 971 1223 modo

182 1264 334 1340 dextrum,
388 1265 480 1326 modo
532 1263 676 1326 sinistrum
722 1263 969 1326 circumlinebat:

178 1368 361 1447 dextrum,fi
376 1368 539 1452 apetitore,
562 1370 702 1446 alterum,
729 1368 750 1432 sr
774 1370 792 1432 ai
816 1368 969 1452 possessore

177 1473 389 1551 essctasiur'us,
412 1477 493 1559 quod
511 1474 672 1567 candidum
697 1473 842 1557 splenium
857 1474 889 1537 in
910 1476 969 1539 boc

176 1592 228 1643 aut
244 1580 320 1644 illud
331 1579 519 1664 supercilium
533 1577 749 1645 transferebat:
766 1583 846 1664 quod
857 1581 969 1667 semper

177 1684 321 1770 aruspices
344 1684 513 1749 consulebat
531 1687 569 1748 de
584 1684 709 1749 adiionis
722 1700 842 1763 eventu,
875 1689 969 1751 animi

176 1790 384 1875 superstitione,
414 1791 462 1855 sed
488 1804 590 1855 tamen
617 1793 636 1855 a
667 1812 778 1875 magno
805 1792 968 1856 studiorum

174 1898 288 1960 honore
309 1897 458 1962 veniebat.
502 1897 574 1982 Jam
600 1899 653 1961 illa
671 1915 814 1982 perquam
834 1899 969 1983 jucunda

175 2023 236 2065 una
258 2003 436 2080 dicentibus,
466 2006 546 2089 quod
571 2004 666 2067 libera
679 2015 813 2087 tempora
838 2007 965 2087 petebat,

174 2111 255 2193 quod
274 2109 426 2172 audituros
444 2110 628 2192 corrogabat.
673 2110 758 2194 Qrid
776 2110 903 2194 denique
913 2110 966 2193 ju·

173 2213 313 2291 cundius,
336 2235 428 2298 quam
455 2213 509 2278 sub
537 2215 658 2277 alterius
684 2210 807 2292 invidia,
823 2216 966 2299 quamdiu

174 2320 263 2395 velis,
285 2321 317 2386 ἃ
330 2321 362 2384 in
376 2321 474 2384 alieno
488 2320 646 2396 auditorio,
659 2320 739 2405 quasi
752 2318 965 2404 deprehensum

173 2429 332 2491 commode
342 2426 458 2490 dicere?
503 2425 560 2489 Sed
570 2439 721 2510 utcunque
734 2424 763 2488 se
776 2426 888 2489 babent
901 2425 963 2503 ista,

173 2534 249 2597 bene
262 2530 333 2597 fecit
346 2531 493 2616 Regulus,
516 2535 598 2616 quod
622 2531 663 2594 est
686 2543 834 2607 mortuus,
856 2531 964 2593 melius

174 2637 196 2702 si
210 2653 288 2705 ante.
319 2637 415 2704 Nunc
428 2637 510 2701 enim
521 2636 589 2701 sane
599 2648 714 2721 poterat
727 2636 786 2699 srne
796 2637 965 2719 malopub·

172 2745 231 2810 lico
259 2746 359 2809 vivere
381 2743 435 2808 sub
457 2766 494 2808 eo
521 2740 670 2828 Principe,
694 2741 748 2807 sub
772 2763 833 2827 quo
857 2761 963 2806 nocere

173 2871 234 2914 non
245 2864 369 2935 poterat.
414 2849 490 2916 Ideo
510 2848 556 2914 fas
583 2848 635 2926 esi,
662 2869 877 2934 nonnunquam
891 2870 962 2913 eum

176 2978 317 3040 quaerere.
360 2955 447 3022 Nam
471 2954 626 3041 postquam
644 2954 718 3019 obiit
731 2955 794 3033 ille,
818 2953 965 3018 increbuit
