2317 3767
199 292 261 345 202
356 284 821 352 αηιωῃιετοιη.

197 436 303 520 gratia.
353 433 441 499 Nam
462 432 602 516 praeterii,
628 435 709 518 quod
737 433 770 495 in
798 431 892 495 tantis
912 432 993 499 vitiis

195 540 354 609 bominum
365 540 451 623 plura
464 539 612 623 culpanda
620 537 699 615 sunt,
712 558 804 623 quam
819 539 989 605 laudanda:

196 657 264 709 tum
277 644 300 708 fi
313 646 491 722 laudaveris,
511 665 636 729 parcus:
661 644 682 707 fi
701 645 879 728 culpaveris,
899 645 992 710 nimi-

198 773 235 817 us
248 746 335 815 fuitle
348 751 473 815 dicarisz
496 750 635 834 quamvis
648 750 723 813 illud
738 747 912 833 pleniffime,
932 752 991 815 hoe

196 854 414 933 retribuum,
435 853 549 919 feceris.
595 854 653 918 Sed
673 856 739 919 haec
755 876 806 918 me
822 876 883 919 non
897 869 989 919 retar-

195 965 286 1026 dant:
310 961 351 1025 est
365 961 447 1024 enim
462 960 539 1024 mihl
549 982 604 1044 pro
617 960 677 1024 fide
690 958 758 1023 satis
771 960 876 1026 animi.
907 960 990 1032 Illud

195 1083 265 1152 peto
275 1067 439 1153 minuas,
455 1071 494 1131 ad
507 1069 589 1152 quod
602 1067 742 1144 hortaris,
762 1065 908 1152 eligasque
922 1088 988 1131 rna·

194 1175 312 1252 tetiam,
325 1196 364 1238 ne
377 1174 467 1251 mihi,
482 1173 549 1259 jam
559 1171 683 1240 scribere
697 1186 810 1256 parato,
822 1172 882 1236 alia
891 1172 989 1238 rursus

193 1279 623 1366 nuntiationismoraejusta
633 1280 709 1343 ratio
719 1276 864 1341 nascatur.
896 1277 985 1350 Vale,

238 1509 306 1559 lx.
342 1512 375 1559 C·
402 1511 549 1557 fumus
571 1507 786 1564 snwuumo
814 1506 882 1555 SUO
905 1509 936 1555 S.

194 1656 345 1770 Vnum
360 1723 410 1767 me
424 1699 586 1766 affecerunt
606 1702 700 1765 literae
721 1714 800 1765 tuae:
823 1722 896 1766 nam
917 1724 986 1788 par-

192 1809 247 1872 tim
272 1808 352 1885 laen,
383 1808 492 1893 partlm
515 1807 608 1885 tristia
628 1809 832 1872 contlnebant.
883 1807 984 1889 Laeta,

192 1915 273 1998 quod
295 1926 326 1976 te
348 1914 380 1977 in
402 1917 476 1978 urbe
494 1915 587 1978 teneri
609 1915 799 1978 nunciabant.
843 1913 986 1992 Nollem,

192 2018 310 2102 inquis:
333 2018 383 2083 sed
400 2041 457 2104 ego
477 2022 559 2097 volo,
583 2034 737 2104 propterea
750 2021 830 2104 quod
847 2020 985 2083 recitatu-

84 2182 88 2191 .
191 2124 367 2190 rumstatirn
382 2138 416 2189 ut
426 2146 482 2209 ego
492 2125 646 2202 veniffetn
657 2125 884 2209 pollicebantur.
915 2123 988 2210 Ago

191 2231 320 2316 gratian
338 2234 419 2314 quod
433 2232 584 2317 expeblor.
617 2230 719 2297 Triste
733 2233 822 2310 illud,
833 2234 914 2316 quod
924 2231 984 2316 Ju-

163 2387 166 2393 ,
191 2337 250 2400 lius
273 2336 388 2400 Valens
408 2337 538 2421 graviter
548 2336 647 2422 jacetz
672 2356 845 2421 quanquam
865 2359 905 2401 ne
925 2338 984 2404 hoe

189 2442 312 2527 quidem
334 2441 426 2518 triste,
454 2443 477 2507 fi
500 2443 582 2506 illius
607 2442 784 2507 utilitatibus
812 2442 984 2522 aestimetur,
1035 2452 1038 2461 ⁴

188 2547 419 2633 cujuslinterest
446 2570 537 2634 quam
563 2547 756 2613 maturiffime
783 2549 984 2634 inexplicabili

188 2654 298 2723 morbo
313 2652 443 2716 liberari.
490 2652 573 2719 Illud
594 2655 681 2737 plane
695 2676 756 2718 nun
778 2654 858 2719 triste
871 2654 986 2733 solum,-

188 2754 413 2824 verumetiam
436 2759 617 2837 lulluosum,
647 2762 727 2844 quod
750 2761 854 2845 Julius
872 2759 983 2825 Avitus

187 2865 316 2944 deneffit,
336 2868 411 2930 dum
424 2886 463 2929 ex
476 2865 622 2950 quaestura
644 2867 731 2930 redit.
777 2866 908 2933 Deceflit
925 2887 981 2929 au-

187 2987 250 3037 tem
264 2973 296 3037 in
310 2972 380 3036 navi
391 2970 524 3056 proculi
537 2968 629 3035 fratre
643 2971 856 3050 amantiffimo,
877 2971 982 3058 procul
