2317 3767
370 254 688 327 »ararum
882 253 944 320 455

40 470 43 471 ⁷
152 395 230 464 serre
244 398 463 481 permitterem:
489 399 558 483 quia
568 397 697 463 sciebam
711 398 743 460 in
758 398 830 460 urbe
850 397 947 461 noslra
1005 398 1009 407 '

153 527 192 568 ex
217 504 361 590 ejusmodi
379 505 470 568 causis
482 554 485 559 >
498 505 656 588 collegium
676 503 852 588 pontificum
871 502 946 565 adiri

153 610 256 687 solere,
274 625 314 686 te,
333 610 479 686 Domine,
501 612 671 673 maximum
683 608 858 673 Pontificem
872 631 944 673 con·

153 714 309 779 solendum
323 718 438 799 putavi,
463 717 534 801 quid
548 715 766 779 observareme
780 716 865 778 velis.

338 948 462 1021 Lxxtv'.
492 949 552 992 ΤΚ.
579 946 713 991 PLINIO
734 946 761 989 S.

154 1096 320 1206 Donum
345 1141 385 1225 est
400 1141 552 1225 injungere
566 1125 763 1203 neceffitatem
778 1137 944 1219 provincia-

154 1248 234 1313 libus
249 1247 424 1329 pontificum
441 1248 658 1320 adeundorum,
680 1245 700 1306 sr
723 1244 860 1327 reliquias
878 1242 945 1305 suo·

155 1373 222 1414 rum
242 1366 359 1436 propter
373 1354 488 1437 aliquas
506 1352 598 1436 justas
612 1351 713 1413 causas
735 1346 893 1412 transferre
909 1369 947 1411 ex

155 1459 222 1521 loco
250 1458 282 1519 in
308 1458 401 1521 alium
426 1460 528 1521 locum
550 1458 653 1520 velint.
699 1456 853 1540 Sequenda
877 1475 947 1536 ergo

155 1564 253 1645 potius
275 1564 330 1625 tibi
351 1564 487 1647 exempla
510 1561 578 1626 sunt
601 1583 717 1638 eorum,
740 1562 792 1644 qui
814 1561 859 1623 isli
877 1581 945 1644 pro-

155 1670 261 1732 vinciae
276 1667 468 1753 praefuerunt,
490 1671 521 1732 ἃ
536 1689 573 1731 ex
595 1666 682 1730 causa
703 1669 810 1751 cuique
832 1667 874 1728 ita
895 1678 947 1728 aut

154 1775 398 1858 permittendum,
418 1786 470 1836 aut
490 1775 671 1856 negandum.

271 2007 381 2052 Lxxv.
408 2006 441 2049 C.
465 2004 609 2051 PLINIUS
627 2005 779 2049 TR.1MP.
803 2005 830 2047 S.

159 2154 389 2283 Quantum
411 2200 486 2263 mihi
510 2199 655 2275 Domine,
684 2194 783 2263 Prusae
808 2199 859 2262 ubi
879 2198 944 2278 pos-

77 2375 78 2378 ,
157 2303 198 2365 set
212 2306 375 2382 balineum,
398 2309 478 2390 quod
497 2305 647 2383 indulfisti,
668 2307 749 2369 fieri:
774 2307 884 2389 placuit
899 2306 944 2367 lo-

157 2430 208 2471 cus
223 2411 254 2471 in
269 2433 329 2493 quo
347 2409 404 2473 fuit
414 2398 574 2495 aliquando
588 2414 707 2487 domus,
728 2426 760 2474 ut
774 2411 863 2473 audio
878 2411 944 2493 pul-

157 2517 239 2590 chra,
267 2536 345 2578 nunc
370 2513 511 2578 deformis
533 2518 638 2580 ruinis.
692 2517 749 2578 Per
776 2517 834 2578 hoc
863 2516 945 2578 enim

157 2618 379 2707 consequemur,
403 2633 436 2682 ut
457 2618 616 2684 foediffuna
636 2620 726 2685 facies
746 2623 874 2684 civitatis
896 2643 945 2686 or-

156 2738 254 2802 netur,
278 2740 367 2809 atque
391 2727 480 2789 etiam
511 2742 543 2790 ut
565 2727 625 2811 ipsa
650 2728 754 2789 civitas
776 2728 944 2810 amplietur,
1028 2706 1034 2719 ’

155 2852 209 2894 nec
220 2834 282 2894 ulla
290 2833 414 2895 aedificia
425 2833 577 2909 tollantur,
593 2833 641 2897 sed
652 2855 720 2917 quae
730 2831 797 2895 sunt
807 2832 946 2896 vetustate

157 2935 299 3023 sublapsa,
313 2951 484 3023 reparentur
497 2940 529 3002 in
544 2941 662 3002 melius.
709 2938 759 3002 Est
772 2951 873 3002 autem
887 2940 945 3001 hu-

518 3043 633 3127 Ger
