2317 3767
188 253 249 323 216
347 276 811 324 e.1³LlN.EPISTOLAR.

188 415 267 481 Haec
276 417 331 480 tibi
342 414 442 480 sedulo
453 417 584 501 exposui,
597 440 657 502 quo
670 420 765 502 magis
776 418 874 503 sciren,
887 420 980 501 quain
1035 424 1038 435 ‘

189 524 285 586 multa
307 543 385 587 uuus
398 523 487 599 mihi,
507 525 543 588 dc
558 542 650 607 quam
665 524 800 609 jucunda
821 522 981 586 ninisteria

189 625 344 711 praestaret.
388 627 514 707 Accedit
526 629 586 692 huc
604 629 693 713 longa
702 631 768 714 jam
783 630 910 695 charitas
924 629 981 691 ho·

187 732 292 823 lminis,
311 753 403 816 quarn
422 731 483 817 ipsa
495 734 626 817 pericula
640 746 796 797 auxerunt.
835 732 886 797 Est
898 735 981 796 enirn

190 840 209 901 ἃ
230 851 565 923 nattuacompamtum,
592 852 626 903 ut
644 832 721 902 nihil
743 860 833 924 aeque
848 858 982 903 amorem

190 944 333 1012 incitet&
346 947 498 1023 accendat,
521 966 613 1029 quarn
627 946 746 1011 carendi
761 959 871 1021 metus,
891 965 982 1028 quern

96 1062 98 1065 ’
191 1072 247 1135 ego
260 1070 314 1135 pro
326 1052 384 1115 hoc
397 1072 460 1116 non
478 1049 568 1113 semel
588 1052 693 1134 patior.
738 1051 826 1116 Nam
846 1063 915 1113 ante
927 1052 982 1113 ειΙί.Ι

192 1169 266 1240 quot
284 1179 390 1234 annos,
413 1160 487 1221 dum
501 1159 613 1221 intente
633 1156 828 1241 instanterque
850 1176 983 1239 pronun·

192 1263 262 1339 ciat,
275 1262 446 1348 sanguinem
461 1263 572 1348 rejecit,
593 1276 681 1346 atque
693 1264 734 1325 ob
748 1255 851 1326 hocin
866 1262 984 1346 AEgypa

193 1381 259 1431 turn
273 1368 388 1447 mitius,
411 1372 492 1434 ime
505 1369 568 1453 post
581 1371 703 1452 longum
718 1368 985 1450 peregrinationem

192 1474 385 1538 confirmatus
418 1476 504 1538 rediit
528 1494 636 1556 nuper.
688 1472 808 1536 Deinde
834 1474 908 1535 dum
933 1492 986 1557 per

194 1581 351 1644 continuos
364 1583 439 1655 dies,
462 1581 553 1642 nimis
572 1579 697 1662 imperat
711 1580 790 1655 voci,
812 1579 919 1641 veteris
937 1581 986 1642 in.)

194 1685 343 1748 firmitatis
357 1684 491 1747 tufficuia
505 1685 688 1761 admonitus,
704 1683 803 1746 rursus'
813 1682 989 1766 sanguinein

195 1790 333 1851 reddidit.
377 1788 451 1874 Qua
463 1788 502 1853 cx
516 1789 601 1853 causa
622 1790 764 1853 destinavi
782 1810 853 1852 curn
870 1791 988 1855 mittere

196 1896 228 1957 in
241 1897 351 1977 praedia
363 1908 428 1973 tua,
453 1916 522 1980 quae
535 1895 680 1981 Forojuiii
694 1894 828 1979 poffides.
873 1893 988 1961 Audivi

196 2001 278 2063 enirn
293 2012 322 2063 te
335 1998 410 2084 saepe
424 1998 607 2064 referentem¹
615 2001 673 2067 effe
686 2002 741 2077 ibi,
752 2002 782 2064 ἃ
797 2003 897 2064 adrem
910 1999 988 2062 salu-

196 2109 292 2181 brem,
315 2108 345 2168 ἃ
356 2107 401 2170 lac
411 2104 581 2189 hujusmodi
596 2107 797 2173 curationibus
815 2127 987 2170 accommo-

115 2261 117 2264 .
197 2210 388 2275 datitirmum.
441 2209 530 2292 Rogo
554 2231 625 2294 ergo
649 2210 757 2274 scribas
784 2211 855 2286 tuis,
885 2225 918 2274 ut
942 2213 987 2275 illi

134 2375 141 2387 .
197 2316 281 2390 villa,
304 2327 339 2376 ut
354 2317 462 2379 domus
473 2328 590 2399 pateat:
613 2313 741 2379 offerant
757 2318 850 2380 etiam
864 2316 988 2402 sumpti·
1106 2336 1109 2341 ⁴

197 2424 254 2486 bus
277 2421 355 2505 ejus,
378 2419 399 2483 fi
421 2421 493 2506 quid
518 2442 594 2505 opus
615 2422 689 2487 erit:
717 2422 773 2486 erit
791 2436 892 2486 autern
912 2444 988 2506 opus

196 2527 328 2590 modico.
373 2526 425 2591 Est
448 2527 531 2591 enirn
552 2541 615 2590 tarn
636 2550 741 2612 parcus
766 2531 797 2594 δε
821 2531 989 2607 continens}

199 2645 306 2698 utnon
320 2632 416 2697 solum
430 2633 561 2710 delicias,
584 2654 690 2697 verum
708 2635 798 2697 etiarn
810 2635 990 2700 neceffitates

198 2738 376 2802 valetudinis
396 2734 564 2820 frugalitate
592 2737 763 2823 restringut3
792 2763 849 2825 ego
873 2741 990 2825 profici-

197 2843 286 2915 scenti
313 2856 436 2906 tantum¹
457 2843 558 2906 viatici
587 2845 676 2923 dabo,
709 2860 857 2930 quantum
885 2846 991 2913 sufficit

199 2951 284 3018 eunti
297 2949 330 3015 in
346 2960 409 3022 tun
454 2946 543 3019 Vale,
