2317 3767
406 281 426 329 t
450 283 462 330 r
488 284 508 330 r
532 284 552 330 u
577 286 599 332 n
644 281 683 334 v.
883 282 943 355 193

151 427 184 490 dc
209 422 370 503 flexuostu,
394 426 503 490 deinde
534 427 634 512 plures
661 426 777 512 sigum,
802 426 961 519 pluraque

149 532 283 595 nornina.
317 529 466 617 Incapite
476 528 637 596 stibadium
644 533 772 598 candido
782 554 943 613 marmore,

8 636 10 653 '
149 637 211 700 vite
244 638 419 722 protegitur.
479 633 584 702 Vitem
617 650 745 724 quatuor
778 638 946 704 columella

151 737 298 827 Carystiae
319 741 456 807 subeunt.
502 741 531 808 E
552 743 678 808 stibadio
691 765 780 830 aqua,
796 745 880 808 velut
893 764 947 809 ex·

143 846 245 932 prelia.
258 849 436 912 cubantium
460 850 602 933 pondere,
629 848 810 934 fiphunculis
835 847 942 928 effluit,

150 968 256 1018 cavato
270 954 368 1039 lapide
390 951 554 1038 suscipitur,
578 951 680 1039 gracili
702 972 850 1020 marmore
871 974 944 1018 con·

150 1060 272 1136 tinctur,
284 1072 373 1143 atque
383 1058 426 1122 ita
434 1062 548 1123 occulte
557 1073 752 1145 temperatur,
760 1074 794 1125 ut
807 1062 943 1145 impleat,

149 1184 207 1228 nec
220 1166 376 1227 redundet.
420 1163 630 1230 Gustatorium
652 1167 828 1252 graviorque
841 1184 945 1230 coent·

149 1269 195 1333 tio
221 1269 348 1353 margini
370 1269 543 1354 imponitur,
564 1270 660 1335 levior
683 1271 889 1335 navicularum
912 1269 944 1336 dc

149 1374 254 1438 avium
268 1368 370 1458 figuris
383 1375 523 1439 innatans
536 1372 657 1441 circuit:
680 1390 783 1440 contra
793 1373 862 1440 sone
875 1396 944 1460 ege·

150 1479 190 1543 rit
215 1499 327 1565 aquarn
348 1482 379 1545 dc
402 1482 515 1566 recipit.
560 1481 647 1546 Nam
668 1481 788 1567 expulsa
801 1482 833 1545 in
847 1480 943 1547 altum
1067 1552 1069 1556 μ

151 1586 184 1648 in
210 1584 354 1663 secedit,
378 1585 547 1672 junctisque
565 1588 697 1651 hiatibus
721 1589 752 1653 δι
774 1584 945 1653 absorbetur

150 1693 182 1757 dt
194 1692 320 1756 tollitur.
365 1692 393 1759 E
409 1688 529 1777 regione
541 1692 657 1757 stibadii
681 1691 837 1758 adversum
859 1693 944 1757 cubi·

151 1800 254 1864 culum
268 1812 387 1863 tantum
401 1799 526 1864 stibadio
537 1799 635 1862 reddit
648 1813 781 1877 omatus,
796 1813 943 1885 quantum

151 1905 258 1990 accipit
270 1905 388 1970 abillo.
433 1905 464 1970 A
479 1924 630 1969 marmore
643 1903 786 1989 splendet,
802 1906 898 1970 valvis
911 1907 943 1970 in

152 2012 264 2076 viridia¹
277 2011 437 2096 prominet,
456 2013 488 2076 δι
506 2011 586 2073 exit:
617 2010 677 2073 alit
700 2009 808 2073 viridia
832 2009 943 2095 superi.

151 2118 253 2183 oribus
276 2114 521 2202 inferioribusque
545 2112 678 2180 fenestris
702 2112 830 2199 suspicit,
849 2115 944 2201 despi.

151 2223 260 2308 citque.
305 2221 388 2288 Mox
400 2223 560 2286 zothecula
580 2218 690 2306 refugit
707 2216 787 2306 quali
801 2222 834 2284 in
858 2223 943 2286 cubia

153 2331 256 2392 culum
264 2329 346 2393 idem
356 2340 446 2413 atque
459 2328 553 2390 aliud.
598 2326 743 2392 Lectulus
757 2327 810 2390 bic
829 2327 860 2391 dt
885 2348 942 2391 un·

154 2434 248 2517 dique
262 2431 409 2512 fenestrae,
430 2435 571 2498 &tamen
585 2433 689 2511 lumen
703 2431 859 2497 obscurun
875 2454 944 2498 um·

152 2540 207 2602 bra
224 2551 387 2624 premente.
428 2538 519 2607 Nam
541 2532 686 2602 htiffima
704 2539 775 2603 vitiu
787 2558 841 2623 per
852 2556 944 2602 omno

152 2644 266 2709 testum
280 2647 313 2710 in
326 2645 448 2709 culmen
461 2645 567 2709 nititur
579 2646 611 2709 dr
623 2642 762 2708 ascendit.
807 2643 884 2709 Non
897 2641 942 2706 se·

152 2769 205 2814 cm
218 2751 274 2828 ibi,
294 2770 386 2835 quam
401 2751 433 2813 in
447 2766 570 2815 nemore
578 2751 697 2836 jacetur
724 2748 855 2814 imbrem
874 2760 943 2811 ttu-

152 2868 219 2920 turn
228 2867 373 2941 tanquam
385 2855 417 2919 in
427 2876 550 2921 nemore
558 2876 621 2920 non
631 2855 748 2920 sentias.
788 2852 944 2936 Hicquo·

152 2978 211 3045 qm
233 2958 302 3025 fons
322 2960 460 3039 nascitur,
476 2962 622 3048 simulque
643 2960 824 3026 subducitur.
869 2957 943 3023 Sunt

523 3066 589 3134 02
