2317 3767
391 289 676 335 u1aun1x.
743 284 745 289 ⁴
867 288 944 365 393,

55 456 58 460 “
142 431 291 496 difficilior
304 430 427 509 effeilus
441 432 500 495 est?
523 431 596 516 quid
607 443 708 493 autem
721 450 777 512 ego
791 430 829 491 de
842 430 931 492 venia

142 539 223 621 quasi
235 540 386 621 ingratus?
409 559 480 601 nam
499 537 569 600 liea
583 533 723 599 facilitate
742 535 808 596 haec
829 532 930 618 proxi·

144 663 195 705 ma
208 632 362 727 acceperis,
384 666 444 728 qua
456 644 564 727 priora,
586 643 652 704 laus
671 641 770 724 potius
790 639 932 723 speranda

143 770 235 833 quam
249 751 336 811 venia
350 749 526 813 obsecranda
539 747 598 811 est:
626 747 703 810 mihi
722 759 825 810 tamen
843 747 930 810 venia

26 914 31 927 ,
144 852 260 917 sufficit.
307 854 394 917 Vale.

221 1086 294 1128 XXX·
328 1085 361 1128 C·
388 1084 532 1127 PLlNlUS
552 1084 715 1129 cumulo
739 1083 807 1130 SUO
824 1085 852 1128 S.

150 1229 323 1338 Lnunns
351 1276 439 1351 mihi,
472 1279 502 1341 δι
538 1273 706 1360 frequenter
734 1276 871 1359 praesens,
902 1277 933 1339 &

145 1400 225 1442 nunc
236 1401 287 1462 per
301 1381 433 1465 epistolas
448 1382 589 1447 Nonium
602 1395 702 1456 tuum,
716 1383 797 1465 quod
810 1381 845 1445 fit
857 1383 933 1444 libe-

146 1486 216 1548 ralis
231 1487 262 1547 in
280 1487 441 1570 quosdam:
467 1486 570 1570 &ipse
587 1487 693 1562 laudo,
710 1485 850 1549 litamen
871 1508 933 1549 non

147 1592 180 1652 in
202 1612 256 1653 nos
281 1591 368 1654 solos.
414 1591 495 1655 Volo
519 1593 703 1667 enimcum,
730 1593 782 1675 qui
807 1590 841 1653 sit
865 1612 933 1654 vere

147 1695 277 1758 liberalis
291 1698 419 1759 tribuere
443 1698 555 1781 patriae,
576 1697 760 1780 propinquis,
783 1695 933 1773 affinibus,

143 1801 262 1876 amicis,
287 1801 333 1864 sed
349 1803 451 1864 amicis
465 1803 532 1865 dico
547 1803 745 1885 pauperibus:
766 1823 828 1864 non
843 1813 876 1864 ut
890 1802 934 1864 isti

145 1910 199 1991 qui
221 1909 258 1971 iis
273 1907 454 1991 potiffimum
474 1911 586 1970 donant
606 1909 658 1992 qui
681 1910 790 1970 donare
804 1908 936 1972 maxime

146 2011 274 2095 poliunt.
319 2013 387 2077 Hos
406 2034 461 2096 ego
481 2012 596 2076 viscatis
619 2012 803 2096 hamatisque
828 1995 938 2077 mune·

148 2119 242 2196 ribus,
264 2141 325 2182 non
340 2119 391 2182 sua
408 2140 544 2202 promere
557 2132 641 2201 puto,
670 2116 718 2181 sed
736 2119 833 2182 aliena
845 2120 937 2182 corri-

149 2247 228 2308 pere.
273 2225 349 2288 Sunt
369 2225 488 2307 ingenio
502 2223 601 2300 simili,
627 2225 679 2308 qui
695 2226 776 2308 quod
799 2224 868 2288 huic
882 2227 937 2289 do-

150 2342 234 2405 nant,
255 2327 393 2393 auferunt
407 2331 462 2406 illi,
484 2328 656 2414 famamque
670 2330 854 2392 liberalitatis
868 2352 939 2392 ava-

149 2434 217 2495 ritia
232 2445 346 2515 petunt.
391 2435 529 2497 Primum
547 2434 588 2496 est
602 2447 702 2498 autem
715 2432 768 2497 suo
787 2433 853 2497 effe‘
865 2454 938 2497 con·

150 2549 286 2599 tentum:
308 2539 414 2600 deinde
435 2562 510 2625 quos
532 2540 677 2624 praecipue
698 2538 770 2602 scias
795 2540 937 2621 indigere,

148 2641 357 2706 sustentantem
380 2641 602 2729 foventemque,
622 2648 694 2709 orbe
712 2646 843 2728 quodam
861 2642 937 2706 'soci-

150 2749 236 2810 etatis
250 2749 374 2811 ambire.
419 2749 501 2832 Qtae
518 2751 625 2812 cundia
644 2750 666 2811 fi
680 2748 751 2812 facit
764 2749 826 2825 ille,
850 2747 940 2832 usque

150 2875 267 2938 quaque
282 2853 447 2916 laudandus
461 2853 517 2915 est:
539 2853 560 2916 fi
575 2875 670 2917 unum
685 2855 817 2937 aliquod,
839 2854 939 2916 minus

151 2960 284 3043 quidem,
309 2959 475 3021 laudandus
502 2970 615 3022 tamen.
659 2958 746 3025 Tam
770 2980 872 3022 rarum
899 2958 940 3022 est
