2317 3767
401 306 593 354 ernon
640 308 715 359 vn.
893 306 954 376 307

155 470 245 515 orum
269 448 404 534 capillos,
428 450 552 535 depulti,
567 453 649 536 quod
664 449 853 528 imminebat,
875 450 955 534 peri·

155 554 218 619 culi
230 554 345 639 tignum
369 552 467 620 fuine.
511 555 642 620 Proinde
660 576 734 642 rogo
753 557 954 620 eruditionem

155 674 241 724 tuam
255 660 402 725 intendas.
448 662 552 746 Digna
566 683 613 725 res
633 663 674 726 est
692 683 784 747 qnam
804 662 856 725 diu
871 662 953 726 mul·

154 778 281 850 tumque
295 765 478 830 confideres:
505 788 544 830 ne
568 789 624 852 ego
651 769 774 853 quidem
785 769 950 857 indignus,

153 873 204 935 eui
229 873 347 957 copiam
370 870 500 936 scientiae
525 885 588 937 tuae
612 872 715 938 facias.
759 874 847 940 Licet
860 876 952 940 etiam

95 1022 102 1027 -
155 989 313 1061 utramque
329 977 361 1041 in
383 989 510 1062 partem,
532 978 663 1058 utsoles,
679 982 826 1067 disputesz
853 1004 891 1047 ex
906 985 950 1046 al-

155 1095 219 1147 tera
233 1096 335 1146 tamen
350 1081 469 1162 fortius,
489 1106 591 1149 neme
605 1085 775 1170 suspensum
789 1089 951 1152 incertum-

32 1232 34 1235 -
151 1209 214 1275 que
228 1189 373 1265 dimittas,
390 1211 462 1254 cum
474 1190 550 1254 mihi
564 1190 736 1255 consulendi
750 1192 836 1257 causa
848 1193 950 1273 fuerit,

157 1306 191 1357 ut
205 1294 340 1358 dubitare
355 1295 528 1360 definerem.
573 1295 662 1360 Vale.

177 1524 328 1572 xxv111.
372 1526 406 1572 c.
434 1526 583 1572 eunius
608 1524 779 1574 srrrtrto
804 1524 872 1573 suo
899 1528 927 1572 e.

158 1668 251 1782 Ars
263 1717 405 1802 quosdam
429 1722 513 1804 apud
530 1731 560 1782 te
578 1719 793 1804 reprehendisse
806 1733 949 1804 tanquam

155 1823 270 1887 amicos
285 1840 368 1888 meos
389 1827 529 1889 exomni
548 1825 698 1889 occafione
720 1828 798 1889 ultra
823 1828 949 1890 modum

153 1931 285 1994 laudem.
341 1928 480 2014 Agnosco
500 1924 627 2008 crimen,
654 1930 817 2015 ampledtor
843 1931 953 1995 etiam.
994 1934 996 1937 ’

153 2034 241 2121 Qrid
267 2035 350 2100 enim
373 2036 522 2100 honestius
546 2034 869 2121 culpa'benignitatit?
897 2038 948 2123 qui

152 2141 220 2206 sunt
233 2140 406 2219 tamenisti,
422 2142 475 2226 qui
486 2140 599 2205 amicos
612 2163 695 2205 meos
707 2140 815 2205 melius
829 2143 946 2206 norint?

155 2248 213 2311 Sed
236 2262 269 2312 ut
282 2247 396 2325 norint,
411 2247 484 2332 quid
499 2245 634 2310 invident
652 2246 729 2311 mihi
749 2245 947 2312 feliciffimum

154 2355 305 2416 errorem?
328 2367 362 2417 ut
383 2353 464 2418 enim
487 2372 549 2416 non
570 2352 627 2415 smt
646 2353 732 2428 tales,
754 2355 855 2439 quales
869 2356 948 2418 ame

154 2459 364 2541 praedicantur,
375 2479 432 2542 ego
450 2469 552 2521 tamen
574 2459 679 2521 beatus
700 2460 781 2543 quod
801 2458 877 2521 mihi
900 2460 947 2522 vi·
1026 2496 1035 2507 1

153 2565 275 2625 dentur.
321 2550 419 2647 Igitnr
432 2566 469 2627 ad
484 2563 558 2628 alios
572 2564 651 2628 hanc
664 2561 806 2628 finisti-am
820 2566 947 2648 diligen·

155 2669 230 2732 tiam
240 2663 394 2731 conferant
409 2693 417 2732 r
445 2688 499 2732 nec
513 2668 579 2733 sunt
593 2688 700 2754 parum
708 2670 808 2747 multi,
823 2670 945 2753 quicar-

154 2793 224 2859 pere
234 2769 358 2836 'amicos
378 2772 444 2837 suos
453 2775 603 2859 judicium
617 2788 746 2840 vocante
772 2774 849 2838 mihi
866 2796 948 2839 nun·

154 2898 248 2964 quam
263 2876 489 2962 persuadebunt,
504 2894 538 2945 ut
557 2902 641 2945 meos
655 2882 748 2944 amari
760 2882 777 2944 Ξ
792 2901 842 2944 me
855 2882 946 2946 nimi·

156 3004 209 3047 um
231 2996 345 3068 putem.
378 2982 465 3049 Vale.

519 3090 589 3162 Χῖ
