<?xml version="1.0" encoding="UTF-8"?>
<!DOCTYPE html PUBLIC "-//W3C//DTD XHTML 1.0 Transitional//EN"
    "http://www.w3.org/TR/xhtml1/DTD/xhtml1-transitional.dtd">
<html xmlns="http://www.w3.org/1999/xhtml" xml:lang="en" lang="en">
 <head>
  <title>
</title>
<meta http-equiv="Content-Type" content="text/html;charset=utf-8" />
  <meta name='ocr-system' content='tesseract 3.04.00' />
  <meta name='ocr-capabilities' content='ocr_page ocr_carea ocr_par ocr_line ocrx_word'/>
</head>
<body>
  <div class='ocr_page' id='page_1' title='image "./cpliniicciliise01plingoog_0482.png"; bbox 0 0 2317 3767; ppageno 0'>
   <div class='ocr_carea' id='block_1_1' title="bbox 216 251 838 336">
    <p class='ocr_par' dir='ltr' id='par_1_1' title="bbox 216 251 838 336">
     <span class='ocr_line' id='line_1_1' title="bbox 216 251 838 336; baseline 0.005 -19"><span class='ocrx_word' id='word_1_1' title='bbox 216 251 279 336; x_wconf 80' lang='lat'>458</span> <span class='ocrx_word' id='word_1_2' title='bbox 376 271 409 318; x_wconf 90' lang='lat' dir='ltr'>c.</span> <span class='ocrx_word' id='word_1_3' title='bbox 436 271 550 318; x_wconf 77' lang='lat' dir='ltr'>nuru.</span> <span class='ocrx_word' id='word_1_4' title='bbox 576 254 838 320; x_wconf 76' lang='lat' dir='ltr'>nersrorrir.</span> 
     </span>
    </p>
   </div>
   <div class='ocr_carea' id='block_1_2' title="bbox 303 536 910 588">
    <p class='ocr_par' dir='ltr' id='par_1_2' title="bbox 303 536 910 588">
     <span class='ocr_line' id='line_1_2' title="bbox 303 536 910 588; baseline 0.005 -4"><span class='ocrx_word' id='word_1_5' title='bbox 303 536 426 586; x_wconf 64' lang='lat' dir='ltr'>&#39;Linum</span> <span class='ocrx_word' id='word_1_6' title='bbox 459 542 493 587; x_wconf 74' lang='lat' dir='ltr'>C·</span> <span class='ocrx_word' id='word_1_7' title='bbox 520 542 671 587; x_wconf 84' lang='lat' dir='ltr'>PLINIUS</span> <span class='ocrx_word' id='word_1_8' title='bbox 690 543 750 586; x_wconf 71' lang='grc' dir='ltr'>ΤΚ.</span> <span class='ocrx_word' id='word_1_9' title='bbox 777 543 857 587; x_wconf 81' lang='grc' dir='ltr'><strong>ῙΜΡ.</strong></span> <span class='ocrx_word' id='word_1_10' title='bbox 882 543 910 588; x_wconf 81' lang='lat' dir='ltr'>S.</span> 
     </span>
    </p>
   </div>
   <div class='ocr_carea' id='block_1_3' title="bbox 213 690 1009 2187">
    <p class='ocr_par' dir='ltr' id='par_1_3' title="bbox 213 690 1009 2187">
     <span class='ocr_line' id='line_1_3' title="bbox 218 690 1008 820; baseline 0.003 -25"><span class='ocrx_word' id='word_1_11' title='bbox 218 690 379 820; x_wconf 75' lang='lat' dir='ltr'>Jur1US,</span> <span class='ocrx_word' id='word_1_12' title='bbox 397 733 545 809; x_wconf 86' lang='lat' dir='ltr'>Domine,</span> <span class='ocrx_word' id='word_1_13' title='bbox 570 734 688 818; x_wconf 84' lang='lat' dir='ltr'>Largus</span> <span class='ocrx_word' id='word_1_14' title='bbox 702 754 740 796; x_wconf 84' lang='lat' dir='ltr'>ex</span> <span class='ocrx_word' id='word_1_15' title='bbox 759 732 856 796; x_wconf 89' lang='lat' dir='ltr'>Ponto</span> <span class='ocrx_word' id='word_1_16' title='bbox 869 735 1008 820; x_wconf 84' lang='lat' dir='ltr'>nondum</span> 
     </span>
     <span class='ocr_line' id='line_1_4' title="bbox 216 837 1009 923; baseline -0.003 -21"><span class='ocrx_word' id='word_1_17' title='bbox 216 840 292 902; x_wconf 91' lang='lat' dir='ltr'>mihi</span> <span class='ocrx_word' id='word_1_18' title='bbox 307 837 398 913; x_wconf 89' lang='lat' dir='ltr'>visus,</span> <span class='ocrx_word' id='word_1_19' title='bbox 425 860 460 901; x_wconf 87' lang='lat' dir='ltr'>ac</span> <span class='ocrx_word' id='word_1_20' title='bbox 483 860 521 900; x_wconf 90' lang='lat' dir='ltr'>ne</span> <span class='ocrx_word' id='word_1_21' title='bbox 535 841 654 901; x_wconf 88' lang='lat' dir='ltr'>auditus</span> <span class='ocrx_word' id='word_1_22' title='bbox 667 840 801 923; x_wconf 91' lang='lat' dir='ltr'>quidem,</span> <span class='ocrx_word' id='word_1_23' title='bbox 826 838 874 901; x_wconf 89' lang='lat' dir='ltr'>sed</span> <span class='ocrx_word' id='word_1_24' title='bbox 891 840 1009 923; x_wconf 90' lang='lat' dir='ltr'>judicio</span> 
     </span>
     <span class='ocr_line' id='line_1_5' title="bbox 214 943 1009 1028; baseline -0.001 -21"><span class='ocrx_word' id='word_1_25' title='bbox 214 959 268 1007; x_wconf 92' lang='lat' dir='ltr'>tuo</span> <span class='ocrx_word' id='word_1_26' title='bbox 281 945 414 1019; x_wconf 91' lang='lat' dir='ltr'>credens,</span> <span class='ocrx_word' id='word_1_27' title='bbox 429 943 673 1027; x_wconf 85' lang='lat' dir='ltr'>dispensationem</span> <span class='ocrx_word' id='word_1_28' title='bbox 687 948 837 1028; x_wconf 90' lang='lat' dir='ltr'>quandam</span> <span class='ocrx_word' id='word_1_29' title='bbox 849 945 925 1007; x_wconf 91' lang='lat' dir='ltr'>mihi</span> <span class='ocrx_word' id='word_1_30' title='bbox 938 966 1009 1026; x_wconf 85' lang='lat' dir='ltr'>erga</span> 
     </span>
     <span class='ocr_line' id='line_1_6' title="bbox 214 1046 1007 1133; baseline 0.001 -22"><span class='ocrx_word' id='word_1_31' title='bbox 214 1062 243 1111; x_wconf 90' lang='lat' dir='ltr'>te</span> <span class='ocrx_word' id='word_1_32' title='bbox 258 1046 375 1132; x_wconf 87' lang='lat' dir='ltr'>pietatis</span> <span class='ocrx_word' id='word_1_33' title='bbox 388 1047 460 1123; x_wconf 85' lang='lat' dir='ltr'>suae,</span> <span class='ocrx_word' id='word_1_34' title='bbox 475 1049 729 1133; x_wconf 82' lang='lat' dir='ltr'>ministeriumque</span> <span class='ocrx_word' id='word_1_35' title='bbox 743 1050 908 1112; x_wconf 88' lang='lat' dir='ltr'>mandavit.</span> <span class='ocrx_word' id='word_1_36' title='bbox 939 1049 1007 1112; x_wconf 88' lang='lat' dir='ltr'>Ro-</span> 
     </span>
     <span class='ocr_line' id='line_1_7' title="bbox 213 1153 1007 1237; baseline 0.001 -21"><span class='ocrx_word' id='word_1_37' title='bbox 213 1154 295 1237; x_wconf 84' lang='lat' dir='ltr'>gavit</span> <span class='ocrx_word' id='word_1_38' title='bbox 319 1153 401 1217; x_wconf 90' lang='lat' dir='ltr'>enim</span> <span class='ocrx_word' id='word_1_39' title='bbox 424 1154 609 1230; x_wconf 82' lang='lat' dir='ltr'>testamento,</span> <span class='ocrx_word' id='word_1_40' title='bbox 642 1169 675 1218; x_wconf 89' lang='lat' dir='ltr'>ut</span> <span class='ocrx_word' id='word_1_41' title='bbox 695 1156 900 1218; x_wconf 84' lang='lat' dir='ltr'>haereditatem</span> <span class='ocrx_word' id='word_1_42' title='bbox 921 1155 1007 1217; x_wconf 90' lang='lat' dir='ltr'>suam</span> 
     </span>
     <span class='ocr_line' id='line_1_8' title="bbox 214 1261 1008 1345; baseline 0 -23"><span class='ocrx_word' id='word_1_43' title='bbox 214 1261 340 1336; x_wconf 85' lang='lat' dir='ltr'>adirem,</span> <span class='ocrx_word' id='word_1_44' title='bbox 361 1280 580 1343; x_wconf 87' lang='lat' dir='ltr'>cemeremque,</span> <span class='ocrx_word' id='word_1_45' title='bbox 596 1282 631 1323; x_wconf 92' lang='lat' dir='ltr'>ac</span> <span class='ocrx_word' id='word_1_46' title='bbox 645 1262 750 1323; x_wconf 90' lang='lat' dir='ltr'>deinde</span> <span class='ocrx_word' id='word_1_47' title='bbox 763 1261 906 1344; x_wconf 85' lang='lat' dir='ltr'>perceptis</span> <span class='ocrx_word' id='word_1_48' title='bbox 916 1261 1008 1345; x_wconf 88' lang='lat' dir='ltr'>quin-</span> 
     </span>
     <span class='ocr_line' id='line_1_9' title="bbox 215 1366 1007 1450; baseline 0 -21"><span class='ocrx_word' id='word_1_49' title='bbox 215 1367 357 1450; x_wconf 81' lang='lat' dir='ltr'>quaginta</span> <span class='ocrx_word' id='word_1_50' title='bbox 372 1366 515 1428; x_wconf 91' lang='lat' dir='ltr'>·millibus</span> <span class='ocrx_word' id='word_1_51' title='bbox 538 1366 714 1443; x_wconf 80' lang='lat' dir='ltr'>nummirm,</span> <span class='ocrx_word' id='word_1_52' title='bbox 743 1368 890 1450; x_wconf 89' lang='lat' dir='ltr'>reliquum</span> <span class='ocrx_word' id='word_1_53' title='bbox 915 1386 1007 1429; x_wconf 90' lang='lat' dir='ltr'>omne</span> 
     </span>
     <span class='ocr_line' id='line_1_10' title="bbox 215 1471 1007 1536; baseline -0.003 -1"><span class='ocrx_word' id='word_1_54' title='bbox 215 1471 463 1536; x_wconf 80' lang='lat' dir='ltr'>Heracleotarum</span> <span class='ocrx_word' id='word_1_55' title='bbox 483 1472 514 1534; x_wconf 70' lang='grc' dir='ltr'>ἃ</span> <span class='ocrx_word' id='word_1_56' title='bbox 528 1471 702 1535; x_wconf 87' lang='lat' dir='ltr'>Tianorum</span> <span class='ocrx_word' id='word_1_57' title='bbox 717 1473 886 1535; x_wconf 89' lang='lat' dir='ltr'>civitatibus</span> <span class='ocrx_word' id='word_1_58' title='bbox 900 1473 1007 1534; x_wconf 90' lang='lat' dir='ltr'>redde-</span> 
     </span>
     <span class='ocr_line' id='line_1_11' title="bbox 215 1577 1007 1662; baseline 0.001 -24"><span class='ocrx_word' id='word_1_59' title='bbox 215 1597 301 1639; x_wconf 85' lang='lat' dir='ltr'>rem:</span> <span class='ocrx_word' id='word_1_60' title='bbox 334 1577 376 1641; x_wconf 85' lang='lat' dir='ltr'>ita</span> <span class='ocrx_word' id='word_1_61' title='bbox 401 1588 435 1639; x_wconf 92' lang='lat' dir='ltr'>ut</span> <span class='ocrx_word' id='word_1_62' title='bbox 463 1577 532 1639; x_wconf 83' lang='lat' dir='ltr'>esset</span> <span class='ocrx_word' id='word_1_63' title='bbox 557 1578 670 1640; x_wconf 89' lang='lat' dir='ltr'>arbitrii</span> <span class='ocrx_word' id='word_1_64' title='bbox 698 1579 760 1640; x_wconf 88' lang='lat' dir='ltr'>mei</span> <span class='ocrx_word' id='word_1_65' title='bbox 788 1591 889 1640; x_wconf 90' lang='lat' dir='ltr'>utrum</span> <span class='ocrx_word' id='word_1_66' title='bbox 917 1598 1007 1662; x_wconf 86' lang='lat' dir='ltr'>opera</span> 
     </span>
     <span class='ocr_line' id='line_1_12' title="bbox 215 1679 1007 1767; baseline 0.004 -24"><span class='ocrx_word' id='word_1_67' title='bbox 215 1679 361 1758; x_wconf 83' lang='lat' dir='ltr'>facienda,</span> <span class='ocrx_word' id='word_1_68' title='bbox 382 1703 450 1765; x_wconf 88' lang='lat' dir='ltr'>quae</span> <span class='ocrx_word' id='word_1_69' title='bbox 463 1684 571 1745; x_wconf 91' lang='lat' dir='ltr'>honori</span> <span class='ocrx_word' id='word_1_70' title='bbox 593 1695 646 1746; x_wconf 91' lang='lat' dir='ltr'>tuo</span> <span class='ocrx_word' id='word_1_71' title='bbox 665 1683 899 1746; x_wconf 87' lang='lat' dir='ltr'>consecrarentur</span> <span class='ocrx_word' id='word_1_72' title='bbox 919 1697 1007 1767; x_wconf 83' lang='lat' dir='ltr'>puta-</span> 
     </span>
     <span class='ocr_line' id='line_1_13' title="bbox 214 1787 1004 1872; baseline 0.003 -24"><span class='ocrx_word' id='word_1_73' title='bbox 214 1807 290 1862; x_wconf 87' lang='lat' dir='ltr'>rem,</span> <span class='ocrx_word' id='word_1_74' title='bbox 324 1808 363 1850; x_wconf 90' lang='lat' dir='ltr'>an</span> <span class='ocrx_word' id='word_1_75' title='bbox 398 1787 591 1851; x_wconf 86' lang='lat' dir='ltr'>instituendos</span> <span class='ocrx_word' id='word_1_76' title='bbox 615 1788 850 1872; x_wconf 83' lang='lat' dir='ltr'>quinquennales</span> <span class='ocrx_word' id='word_1_77' title='bbox 880 1809 1004 1870; x_wconf 86' lang='lat' dir='ltr'>agonas,</span> 
     </span>
     <span class='ocr_line' id='line_1_14' title="bbox 214 1891 1006 1977; baseline 0.005 -23"><span class='ocrx_word' id='word_1_78' title='bbox 214 1892 266 1976; x_wconf 90' lang='lat' dir='ltr'>qui</span> <span class='ocrx_word' id='word_1_79' title='bbox 285 1891 415 1977; x_wconf 88' lang='lat' dir='ltr'>Trajani</span> <span class='ocrx_word' id='word_1_80' title='bbox 429 1896 656 1977; x_wconf 85' lang='lat' dir='ltr'>appellarentur.</span> <span class='ocrx_word' id='word_1_81' title='bbox 701 1893 795 1977; x_wconf 78' lang='lat' dir='ltr'>Quod</span> <span class='ocrx_word' id='word_1_82' title='bbox 817 1895 849 1956; x_wconf 92' lang='lat' dir='ltr'>in</span> <span class='ocrx_word' id='word_1_83' title='bbox 868 1897 1006 1958; x_wconf 87' lang='lat' dir='ltr'>notitiam</span> 
     </span>
     <span class='ocr_line' id='line_1_15' title="bbox 214 1996 1004 2081; baseline 0.009 -24"><span class='ocrx_word' id='word_1_84' title='bbox 214 2010 298 2058; x_wconf 88' lang='lat' dir='ltr'>tuam</span> <span class='ocrx_word' id='word_1_85' title='bbox 312 1996 521 2081; x_wconf 87' lang='lat' dir='ltr'>perferendum</span> <span class='ocrx_word' id='word_1_86' title='bbox 533 1999 709 2073; x_wconf 83' lang='lat' dir='ltr'>existimavi,</span> <span class='ocrx_word' id='word_1_87' title='bbox 731 2001 771 2061; x_wconf 92' lang='lat' dir='ltr'>ob</span> <span class='ocrx_word' id='word_1_88' title='bbox 789 2001 847 2062; x_wconf 86' lang='lat' dir='ltr'>hoc</span> <span class='ocrx_word' id='word_1_89' title='bbox 861 2001 1004 2078; x_wconf 79' lang='lat' dir='ltr'>maxime,</span> 
     </span>
     <span class='ocr_line' id='line_1_16' title="bbox 215 2100 775 2187; baseline 0.005 -24"><span class='ocrx_word' id='word_1_90' title='bbox 215 2113 248 2163; x_wconf 92' lang='lat' dir='ltr'>ut</span> <span class='ocrx_word' id='word_1_91' title='bbox 262 2100 414 2184; x_wconf 89' lang='lat' dir='ltr'>dispiceres</span> <span class='ocrx_word' id='word_1_92' title='bbox 428 2105 500 2187; x_wconf 94' lang='lat' dir='ltr'>quid</span> <span class='ocrx_word' id='word_1_93' title='bbox 520 2105 626 2187; x_wconf 84' lang='lat' dir='ltr'>eligere</span> <span class='ocrx_word' id='word_1_94' title='bbox 641 2106 775 2167; x_wconf 87' lang='lat' dir='ltr'>debeam.</span> 
     </span>
    </p>
   </div>
   <div class='ocr_carea' id='block_1_4' title="bbox 348 2333 869 2387">
    <p class='ocr_par' dir='ltr' id='par_1_4' title="bbox 348 2333 869 2387">
     <span class='ocr_line' id='line_1_17' title="bbox 348 2333 869 2387; baseline 0.006 -11"><span class='ocrx_word' id='word_1_95' title='bbox 348 2333 440 2377; x_wconf 78' lang='lat' dir='ltr'>Lxxx.</span> <span class='ocrx_word' id='word_1_96' title='bbox 476 2336 663 2387; x_wconf 82' lang='lat' dir='ltr'>TRAJANUS</span> <span class='ocrx_word' id='word_1_97' title='bbox 687 2336 816 2382; x_wconf 74' lang='lat' dir='ltr'>PLINIO</span> <span class='ocrx_word' id='word_1_98' title='bbox 841 2338 869 2380; x_wconf 83' lang='lat' dir='ltr'>S.</span> 
     </span>
    </p>
   </div>
   <div class='ocr_carea' id='block_1_5' title="bbox 207 2484 1086 3038">
    <p class='ocr_par' dir='ltr' id='par_1_5' title="bbox 207 2484 1086 3038">
     <span class='ocr_line' id='line_1_18' title="bbox 215 2484 1006 2614; baseline 0.001 -24"><span class='ocrx_word' id='word_1_99' title='bbox 215 2484 253 2613; x_wconf 85' lang='lat' dir='ltr'>J</span> <span class='ocrx_word' id='word_1_100' title='bbox 258 2548 365 2592; x_wconf 75' lang='lat' dir='ltr'>uuus</span> <span class='ocrx_word' id='word_1_101' title='bbox 392 2528 509 2613; x_wconf 80' lang='lat' dir='ltr'>Largus</span> <span class='ocrx_word' id='word_1_102' title='bbox 531 2530 623 2593; x_wconf 90' lang='lat' dir='ltr'>fidem</span> <span class='ocrx_word' id='word_1_103' title='bbox 651 2542 747 2606; x_wconf 89' lang='lat' dir='ltr'>tuam,</span> <span class='ocrx_word' id='word_1_104' title='bbox 774 2530 862 2614; x_wconf 52' lang='lat' dir='ltr'>quasi,</span> <span class='ocrx_word' id='word_1_105' title='bbox 875 2543 905 2591; x_wconf 89' lang='lat' dir='ltr'>te</span> <span class='ocrx_word' id='word_1_106' title='bbox 929 2532 1006 2592; x_wconf 85' lang='lat' dir='ltr'>bene</span> 
     </span>
     <span class='ocr_line' id='line_1_19' title="bbox 214 2637 1005 2721; baseline -0.004 -21"><span class='ocrx_word' id='word_1_107' title='bbox 214 2637 319 2713; x_wconf 83' lang='lat' dir='ltr'>nosset,</span> <span class='ocrx_word' id='word_1_108' title='bbox 343 2638 442 2720; x_wconf 88' lang='lat' dir='ltr'>elegit.</span> <span class='ocrx_word' id='word_1_109' title='bbox 466 2690 472 2702; x_wconf 82' lang='grc'>,.</span> <span class='ocrx_word' id='word_1_110' title='bbox 487 2637 573 2721; x_wconf 78' lang='lat' dir='ltr'>Qrid</span> <span class='ocrx_word' id='word_1_111' title='bbox 592 2658 662 2719; x_wconf 87' lang='lat' dir='ltr'>ergo</span> <span class='ocrx_word' id='word_1_112' title='bbox 680 2637 861 2720; x_wconf 79' lang='lat' dir='ltr'>potissimum</span> <span class='ocrx_word' id='word_1_113' title='bbox 885 2638 922 2697; x_wconf 90' lang='lat' dir='ltr'>ad</span> <span class='ocrx_word' id='word_1_114' title='bbox 937 2657 1005 2719; x_wconf 91' lang='lat' dir='ltr'>per-</span> 
     </span>
     <span class='ocr_line' id='line_1_20' title="bbox 211 2740 1005 2827; baseline 0.003 -24"><span class='ocrx_word' id='word_1_115' title='bbox 211 2743 384 2826; x_wconf 88' lang='lat' dir='ltr'>petuitatem</span> <span class='ocrx_word' id='word_1_116' title='bbox 400 2744 633 2827; x_wconf 69' lang='lat' dir='ltr'>memoriae‘ejus</span> <span class='ocrx_word' id='word_1_117' title='bbox 653 2740 753 2818; x_wconf 90' lang='lat' dir='ltr'>saciat,</span> <span class='ocrx_word' id='word_1_118' title='bbox 774 2742 936 2805; x_wconf 90' lang='lat' dir='ltr'>secundum</span> <span class='ocrx_word' id='word_1_119' title='bbox 950 2763 1005 2805; x_wconf 91' lang='lat' dir='ltr'>cu-</span> 
     </span>
     <span class='ocr_line' id='line_1_21' title="bbox 207 2847 1086 2932; baseline 0.002 -23"><span class='ocrx_word' id='word_1_120' title='bbox 207 2847 314 2932; x_wconf 88' lang='lat' dir='ltr'>jusque</span> <span class='ocrx_word' id='word_1_121' title='bbox 336 2848 392 2910; x_wconf 91' lang='lat' dir='ltr'>loci</span> <span class='ocrx_word' id='word_1_122' title='bbox 418 2848 620 2911; x_wconf 89' lang='lat' dir='ltr'>conditionem</span> <span class='ocrx_word' id='word_1_123' title='bbox 643 2847 701 2932; x_wconf 92' lang='lat' dir='ltr'>ipse</span> <span class='ocrx_word' id='word_1_124' title='bbox 730 2848 846 2931; x_wconf 88' lang='lat' dir='ltr'>dispice,</span> <span class='ocrx_word' id='word_1_125' title='bbox 873 2850 904 2910; x_wconf 83' lang='lat'>&amp;</span> <span class='ocrx_word' id='word_1_126' title='bbox 923 2851 1004 2931; x_wconf 90' lang='lat' dir='ltr'>quod</span> <span class='ocrx_word' id='word_1_127' title='bbox 1082 2872 1086 2885; x_wconf 55' lang='lat'><strong><em>⁸</em></strong></span> 
     </span>
     <span class='ocr_line' id='line_1_22' title="bbox 214 2953 783 3038; baseline 0 -23"><span class='ocrx_word' id='word_1_128' title='bbox 214 2954 362 3035; x_wconf 93' lang='lat' dir='ltr'>optimum</span> <span class='ocrx_word' id='word_1_129' title='bbox 378 2953 602 3030; x_wconf 82' lang='lat' dir='ltr'>existimaveris,</span> <span class='ocrx_word' id='word_1_130' title='bbox 622 2955 783 3038; x_wconf 83' lang='lat' dir='ltr'>insequere.</span> 
     </span>
    </p>
   </div>
   <div class='ocr_carea' id='block_1_6' title="bbox 905 3024 914 3051">
    <p class='ocr_par' dir='ltr' id='par_1_6' title="bbox 905 3024 914 3051">
     <span class='ocr_line' id='line_1_23' title="bbox 905 3024 914 3051; baseline 0 0"><span class='ocrx_word' id='word_1_131' title='bbox 905 3024 914 3051; x_wconf 74' lang='lat' dir='ltr'><em>l</em></span> 
     </span>
    </p>
   </div>
   <div class='ocr_carea' id='block_1_7' title="bbox 0 0 1164 3767">
    <p class='ocr_par' dir='ltr' id='par_1_7' title="bbox 0 0 1164 3767">
     <span class='ocr_line' id='line_1_24' title="bbox 0 0 1164 3767; baseline 0 1"><span class='ocrx_word' id='word_1_132' title='bbox 0 0 1164 3767; x_wconf 95' lang='lat' dir='ltr'> </span> 
     </span>
    </p>
   </div>
  </div>
 </body>
</html>
