2317 3767
226 258 288 325 180
399 280 433 327 c.
458 279 573 326 auru.
600 275 861 329 urrsuounn.

222 421 359 505 liqueret.
404 419 457 484 Ad
470 423 528 487 hoc
539 423 603 501 ille,
620 426 699 508 Rogo
713 421 868 510 cognoscas.
914 424 1021 510 Cunc-

223 538 302 589 tatus
319 527 456 609 paulum,
485 518 614 606 Faciam,
648 530 785 614 inquam,
818 527 920 615 Neque
948 532 1023 597 eninr

220 633 314 709 video,
330 657 385 697 cur
398 632 455 718 ipse
468 658 511 697 me
526 634 660 699 minorem
676 650 786 721 putem,
808 659 893 721 quam
904 636 960 700 tibi
971 636 1021 701 vi·

223 741 301 802 deor.
346 739 405 802 Sed
417 739 482 823 jam
510 763 585 804 nunc
610 756 752 818 memento,
777 765 830 805 non
855 742 1020 829 &futuram

224 844 296 908 mihi
314 845 505 931 constantiam,
516 846 551 931 ſs
577 846 620 909 ita
636 847 712 932 fides
734 846 850 911 duxerit
862 847 1022 933 secundum

222 966 340 1015 matrem
351 965 430 1015 tuam
439 951 658 1037 pronuntiandi.
705 952 745 1016 Ut
755 955 843 1030 voles,
859 954 922 1015 ait:
944 955 1021 1018 voles

222 1056 295 1121 enim
320 1060 395 1141 quod
406 1057 603 1143 ‹aequifflmum.
648 1056 787 1121 Adhibui
808 1059 842 1121 in
865 1059 1020 1123 consilium

222 1165 309 1239 duos,
321 1184 397 1246 quos
410 1163 603 1226 tunc'civitas
615 1162 711 1227 nostra
732 1162 953 1247 speetatiffimos
963 1166 1020 1227 ha·

221 1269 300 1345 buit,
322 1266 493 1332 Corellium
515 1270 546 1333 &
573 1267 765 1334 Frontinum.
810 1269 870 1342 His
889 1270 1019 1334 circum.

221 1375 320 1451 datus,
341 1375 374 1437 in
387 1375 527 1438 cubiculo
540 1372 692 1437 meosedi.
738 1373 827 1438 Dixit
850 1372 1015 1451 Curianus,

223 1502 292 1565 quae
316 1501 370 1565 pro
394 1478 423 1543 sc
454 1482 587 1563 putabat.
643 1477 794 1564 Respondi
819 1481 920 1564 paucis
948 1473 1015 1565 ego.

176 1633 179 1636 a
221 1587 334 1672 Neque
354 1587 437 1649 enim
456 1588 558 1647 aderat
576 1585 666 1662 alius,
690 1585 744 1672 qui
756 1581 907 1650 defundiae
920 1566 1017 1670 pudo·

220 1711 285 1756 rem
303 1704 455 1764 tueretur.
509 1690 632 1754 Deinde
655 1688 762 1767 seceffi,
785 1691 817 1754 ἃ
837 1711 876 1753 cx
905 1691 1020 1755 consilii

221 1796 375 1874 sententia,
386 1797 525 1882 Videtur,
543 1797 680 1880 inquam,
709 1794 846 1874 Curione,
863 1810 956 1888 onoter
966 1811 1018 1861 tua

212 1902 445 1990 justashabuiffo
467 1901 568 1989 causas
592 1901 741 1989 irascendi⁴
761 1900 827 1965 tibi.
871 1901 940 1966 Post
956 1903 1016 1966 hoc

220 2008 284 2085 ille,
310 2029 381 2072 curn
394 2008 508 2072 caeteris
520 2006 686 2092 subscripsit
703 2007 917 2071 centumvirale
932 2008 1021 2093 judi-

219 2113 314 2191 cium,
330 2133 451 2177 mecum
465 2134 527 2177 non
537 2111 710 2197 subscripsit.
754 2112 1014 2199 Appetebatjudi-

219 2222 258 2285 cii
274 2221 347 2284 dies.
393 2217 576 2284 Cohaeredes
592 2220 657 2292 mei
678 2221 908 2302 componere&
930 2233 1013 2286 tran-

218 2327 306 2409 figere
330 2325 508 2410 cupiebanrz
542 2346 604 2389 non
633 2323 796 2389 diffidentia
823 2325 930 2403 causae,
962 2324 1015 2390 sed

218 2444 302 2496 metu
315 2444 495 2515 temporum.
541 2430 744 2509 Verebantur,
766 2434 847 2515 quod
869 2432 1013 2497 videbant

219 2539 323 2604 multis
337 2537 483 2617 accidisse,
499 2557 538 2601 ne
553 2558 592 2600 ex
604 2537 813 2602 centumvirali
823 2537 939 2622 judicio
960 2561 1010 2602 ca-

217 2645 287 2729 pitis
303 2644 346 2707 rei
356 2643 482 2707 exirent.
499 2695 503 2700 .
527 2641 568 2707 Et
581 2648 665 2706 crant
678 2643 802 2727 quidam
813 2643 846 2705 in
856 2644 928 2721 illis,
941 2645 1009 2729 qui·

188 2772 192 2778 ·
216 2750 378 2836 bus-‚objici
391 2735 574 2820 &Gratillae
588 2748 760 2814 amicitia&
770 2746 884 2812 Rustici
899 2748 1008 2832 posset:

143 2840 145 2844 Α
217 2855 339 2941 Rogant
349 2876 411 2933 me,
433 2867 468 2917 ut
482 2874 553 2917 cunr
570 2852 707 2919 Curiano
719 2838 836 2938 loquar.
882 2839 1009 2919 Conve÷

217 2963 319 3028 nimus
331 2962 364 3025 in
377 2963 474 3024 aedem
488 2958 679 3025 Concordiae.
726 2951 776 3025 Ibi
791 2980 857 3044 ego,
875 2959 905 3025 Si
914 2972 1010 3024 mater
