2317 3767
222 280 284 345 114
382 280 851 329 c.1³a1u.aa1sronan.

221 429 297 490 dum
321 426 387 488 haec
415 424 568 507 aguntur?
603 421 801 488 indicavimus
832 421 954 487 Senatui
977 441 1016 486 ex

219 532 372 598 Norbano
392 530 523 593 didicisse
548 550 603 593 nos
622 531 773 615 publicam
794 528 925 605 causam,
948 549 1015 590 rur-

220 636 324 721 susque
345 637 452 699 deberc
474 658 513 699 ex
538 637 654 720 integro
676 634 797 712 discere,
818 635 839 697 fi
865 636 916 698 ille
937 657 1014 719 pra·-

221 743 367 806 varioetor
391 744 575 826 probaretur.
610 740 723 826 Atque
739 740 781 805 ita
800 741 940 805 dumille
961 762 1014 825 pe·

221 849 334 932 ragitur
355 869 435 923 reus,
455 846 609 910 sedimuss
641 846 745 910 Postea
764 842 930 912 Norbanus
945 867 1014 911 om·

221 955 310 1016 nibus
324 952 429 1016 diebus
451 946 629 1036 cognitionis
651 949 805 1015 interfuit:
830 954 1014 1036 eandemque

221 1058 312 1143 usque
326 1061 363 1121 ad
377 1071 546 1121 extremum
565 1059 615 1121 vel
627 1056 835 1133 constantiam,
858 1059 906 1120 vel
920 1060 1013 1120 auda-

221 1165 299 1228 ciam
318 1163 448 1248 pertulit.
497 1162 652 1247 interrogo
677 1162 736 1247 ipse
759 1181 821 1240 me,
847 1180 887 1225 an
901 1159 1014 1246 aliquid

221 1268 390 1334 omiserim:
411 1268 554 1333 rursus&
573 1267 672 1331 rursus
688 1289 765 1353 pene
782 1267 877 1331 omisa.
923 1266 1014 1331 Sum„

221 1377 344 1440 modic
366 1376 484 1440 Salvius
506 1372 654 1438 Liberalis
668 1373 796 1458 reliquos
809 1375 921 1456 legatos
945 1395 1014 1457 gra·

222 1482 299 1546 viter
326 1481 483 1565 increpuit,
517 1491 662 1563 tanquam
693 1499 755 1542 non
789 1499 906 1554 omnes,
937 1500 1013 1563 quos

221 1586 385 1650 mandasset
397 1585 561 1669 provincia,
589 1606 654 1648 reos
668 1583 852 1668 peregissent.
897 1584 1013 1669 Atque,

223 1705 257 1755 ut
271 1692 311 1754 est
324 1692 498 1766 vehemens,
518 1690 550 1753 δε
568 1688 702 1767 disertus,
726 1691 758 1753 in
778 1688 935 1753 discrimen
958 1694 1013 1754 ad-

221 1797 318 1860 duxit.
362 1794 484 1859 Protexi
500 1793 581 1859 viros
594 1796 736 1879 optimos,
756 1793 933 1882 eosdemque
944 1818 1013 1880 gra-

128 1961 130 1964 .
221 1901 365 1966 tiffimos:
388 1902 466 1965 mihi
479 1914 557 1965 certe
571 1904 678 1965 debete
696 1900 725 1964 se
738 1902 910 1986 praedicant,
931 1906 1013 1986 quod

221 2008 310 2071 illurn
335 2009 487 2071 turbinem
513 2007 667 2071 evaserint.
711 2005 775 2071 Hic
803 2009 858 2073 erit
885 2007 1021 2091 epistolar
1115 2091 1119 2099 ,

221 2114 301 2189 sinis,
325 2132 426 2175 revera
440 2112 527 2175 finis:
550 2114 669 2176 literam
683 2133 746 2175 non
760 2114 890 2191 addam,⁴
901 2111 1013 2177 etiamsr

221 2220 320 2282 adhuc
335 2217 447 2302 aliquid
460 2218 628 2301 praeteriisse
647 2239 697 2282 me
710 2217 833 2281 sensero.
880 2218 968 2282 Vale.

292 2449 327 2492 x.
358 2448 392 2495 c.
417 2449 565 2494 murus
590 2449 781 2518 sruaruun
804 2448 872 2495 suo
896 2448 941 2492 rr
1002 2429 1006 2436 '

515 2554 661 2601 coccrn
685 2554 714 2599 s.
805 2581 809 2587 .
1152 2539 1153 2592 t

222 2700 505 2816 Courosurssr
535 2763 585 2810 me
603 2747 743 2831 quaedam
768 2748 805 2810 de
829 2743 894 2810 filio
918 2744 1014 2809 vestro

221 2873 283 2915 non
315 2854 378 2916 dixi
401 2853 499 2930 vobis,
523 2873 594 2916 cum
616 2851 758 2936 proxime-
773 2854 852 2936 apud
870 2873 929 2915 -vos
953 2848 1011 2915 fui.
1152 2861 1153 2864 ’

221 2956 372 3039 Primum,
398 2959 470 3045 quia
489 2979 552 3024 non
565 2958 644 3022 ‹ideo
665 2955 849 3042 scripseram,
874 2968 909 3021 ut
931 2955 1014 3021 dice-
