2317 3767
425 274 526 319 urs
553 273 617 318 rr
664 274 722 320 vr.
903 270 966 349 247*

176 435 300 477 annum.
345 412 436 478 Posco
454 414 566 478 librum
577 413 648 478 Titi
664 413 756 490 Livii,
771 414 802 476 dc
821 413 900 498 quasi
913 434 965 497 per

175 521 273 584 otium
293 522 371 604 lego,
387 533 474 604 atque
493 522 585 583 etiam
600 534 634 582 ut
646 540 808 603 ooeperam,
828 540 962 603 excerpo.

177 623 255 688 Ecce
275 627 390 688 amicus
410 626 563 700 avunculi,
588 626 640 709 qui
664 645 758 707 nuper
775 626 813 686 ad
838 645 908 686 eum
927 620 965 688 ere

175 729 319 815 Hispania
336 744 468 806 venerat,
484 744 518 794 ut
536 751 598 806 me,
613 732 644 794 δι
665 742 793 793 matrem
820 726 962 806 sedentes,

174 855 224 898 me
235 858 306 899 vero
318 837 410 899 etiam
423 837 571 920 legentem
579 837 672 910 videt,
687 835 767 896 illius
777 835 963 918 patientiam,

175 938 360 1003 securitatem
382 961 482 1002 meam
506 940 643 1023 corripit:
666 941 762 1003 nihilo
780 939 896 1022 segnius
910 960 965 1022 ego

174 1044 306 1108 intentus
330 1047 362 1108 in
385 1045 507 1107 librum.
550 1038 717 1126 Jam'hora
731 1044 790 1106 diei
805 1045 913 1129 prima,
933 1046 964 1108 δι

176 1151 274 1213 adhuc
298 1150 419 1228 dubius‚'
451 1151 482 1212 δε
510 1149 590 1233 quasi
614 1149 771 1232 languidus
799 1151 872 1226 dies,
897 1151 964 1235 jam

176 1255 314 1338 quassatis
331 1255 610 1340 circumjacentibus
632 1253 728 1331 tediis,
742 1274 914 1337 quanquam
932 1256 964 1318 in

176 1373 278 1443 aperto
302 1363 380 1438 loco,
407 1360 529 1444 angusto
550 1372 652 1422 tamen
671 1378 797 1441 magnus
818 1360 849 1422 δι
869 1373 964 1423 certus

72 1550 73 1555 ἵ
175 1467 270 1528 ruinae
283 1480 390 1530 metus.
447 1465 537 1530 Tum
551 1468 676 1529 demum
701 1466 839 1527 excedere
857 1462 966 1547 oppido

176 1569 284 1633 visum.
328 1571 467 1656 Sequitur
492 1573 600 1655 vulgus
625 1571 797 1647 attonitum,
827 1571 965 1652 quodque

176 1676 210 1737 in
228 1697 336 1758 pavore
358 1676 450 1739 simile
464 1678 640 1760 prudentiae,
663 1678 795 1739 alienum
811 1674 965 1738 confilium

177 1778 229 1842 suo
242 1777 371 1862 praefert,
399 1782 571 1865 ingentique
599 1781 718 1864 agmine
740 1783 880 1844 abeuntes
896 1799 964 1864 pre-

177 1885 235 1947 mit
262 1886 294 1948 &
325 1886 464 1968 impellit.
523 1885 635 1969 Egreffr
665 1886 743 1948 tedia
772 1885 962 1962 confistimus,

176 1991 272 2053 multa
291 1991 334 2053 ibi
348 1991 494 2067 miranda,
511 1992 622 2054 multas
637 1987 810 2053 formidines
820 1992 960 2074 patimur.
1012 2008 1025 2021 ²

176 2095 262 2160 Nam
282 2096 432 2173 vehicula,
447 2118 516 2180 quae
529 2097 651 2180 produci
665 2094 854 2180 jusseramus,
868 2117 961 2180 quan·

175 2223 267 2285 quam
283 2204 316 2264 in
335 2200 501 2285 planissimo
511 2222 631 2286 campo,
648 2201 680 2264 in
696 2202 857 2264 contrarias
867 2214 964 2285 partes

177 2309 360 2388 agebantur:
389 2328 424 2369 ac
453 2328 492 2375 ne
519 2308 667 2391 lapidibus
683 2307 805 2390 quidem
826 2304 914 2385 fulta,
931 2308 963 2370 in

177 2412 283 2476 eodem
297 2410 418 2495 vestigio
431 2410 626 2496 quiescebant.
671 2411 817 2476 Praeterea
829 2433 911 2476 mare
930 2413 964 2475 in

151 2600 155 2604 v
176 2515 206 2579 se
219 2515 369 2593 resorberi,
385 2519 415 2581 δι
429 2530 557 2580 tremore
569 2531 655 2580 terrae
665 2517 744 2602 quafi
762 2517 863 2601 repelli
880 2518 965 2580 vide-

176 2623 295 2685 bamus.
360 2620 452 2685 Certe
489 2622 662 2706 processerat
690 2623 772 2699 litus,
811 2623 965 2705 multaque

177 2727 318 2789 animalia
336 2727 428 2789 maris
440 2726 473 2787 in
491 2725 571 2790 siccis
589 2728 686 2791 arenis
710 2729 868 2790 detinebat.
912 2725 972 2790 Ab>
1025 2794 1029 2801 ,

176 2832 270 2894 altero
299 2833 390 2894 latere
419 2833 513 2895 nubes
541 2846 606 2896 atra
640 2834 671 2896 ἃ
704 2834 850 2897 horrenda
886 2831 965 2915 ignei

163 2936 292 3020 -spiritus
316 2936 401 3023 tortis
423 2936 601 3020 vibratisque
623 2937 796 3003 discursibus
813 2949 910 3024 rupta,
932 2938 964 3002 in

465 3080 466 3083 ,
546 3041 614 3120 R4
