2317 3767
198 287 260 336 212
358 283 821 332 c.1>L1N.EP1s'r0LAR.

191 432 230 495 ald
247 443 429 505 extremum,
452 446 507 491 nec
528 441 581 490 aut
602 426 694 512 spatio
718 427 911 502 valetudinis,
934 437 987 491 aut

191 549 274 599 metu
287 534 393 597 mortis
406 530 550 596 infractus
560 532 613 610 est,
633 555 694 617 quo
707 534 807 616 plures
820 530 984 615 graviores-

190 663 249 725 que
263 641 350 705 nobis
363 637 463 702 causas
477 632 666 722 relinqueret,
690 639 721 701 δε
735 638 915 703 desiderii&
929 637 985 699 do-

193 747 273 810 loris.
318 742 351 809 O
373 744 452 806 triste
476 745 576 827 plane,
600 746 799 827 acerbumque
823 741 933 806 sunus!
964 740 985 804 ὃ

106 896 109 901 <
193 863 288 915 morte
299 848 359 933 ipsa
369 850 475 912 mortis
489 862 607 933 tempus
624 846 792 932 indignius!
815 849 888 932 Jam
899 847 986 911 desti·

193 970 263 1020 nata
271 968 338 1018 'erat
347 957 465 1038 egregio
473 955 593 1038 juveni,
610 955 676 1037 jam
689 955 803 1017 electus
812 954 984 1037 nuptiarum

193 1064 267 1138 dies,
290 1062 357 1146 jam
379 1082 434 1123 nos
458 1060 567 1123 vocati.
622 1060 716 1144 Qrod
740 1060 897 1142 gaudium,
925 1079 986 1141 quo

193 1167 322 1232 mderore
335 1164 486 1230 mutatum
506 1166 566 1229 est?
590 1165 667 1229 Non
681 1164 797 1248 possum
819 1166 983 1247 exprimere

194 1272 305 1348 verbis,
320 1285 467 1356 quantum
481 1271 585 1334 animo
599 1272 709 1333 vulnus
722 1272 897 1354 acceperim,
912 1291 984 1333 cum

193 1378 306 1455 audivi,
341 1377 523 1440 Fundanum
547 1375 642 1459 ipsum
672 1378 718 1459 (ut
740 1376 835 1439 multa
852 1374 986 1459 ludiuosa

192 1486 280 1548 dolor
309 1479 435 1560 invenit)
460 1481 694 1564 praecipientem,
718 1483 801 1565 quod
815 1482 858 1543 in
879 1479 985 1556 vestes,

194 1590 378 1672 margaritas,
401 1607 536 1668 gemmas
558 1582 655 1647 suerat
673 1598 858 1668 erogaturus,
881 1586 985 1649 hocin

193 1698 282 1758 thura
291 1696 322 1759 δι
336 1704 499 1774 unguenta,
514 1691 544 1754 δι
558 1692 664 1753 odores
675 1691 904 1774 impenderetur.
935 1690 987 1754 Est

194 1800 315 1883 quidem
337 1796 390 1860 ille
402 1797 535 1861 eruditus
559 1797 590 1859 &
611 1795 739 1880 sapiens,
766 1797 871 1882 utqui
896 1797 925 1860 se
946 1799 985 1861 ab

193 1907 314 1967 ineunte
343 1916 428 1966 aetate
447 1904 603 1966 altioribus
621 1901 722 1965 studiis
744 1902 912 1987 artibusque
933 1904 986 1966 de-

191 2010 317 2072 diderit:
342 2008 494 2071 sednunc
507 2010 621 2084 omnia,
647 2009 835 2093 quaeaudiit,
857 2009 983 2092 quaerit:

195 2115 269 2198 saepe
292 2135 360 2199 quae
385 2114 471 2190 dixit,
494 2112 686 2197 aspematur,
699 2112 878 2198 expulsisque
893 2115 986 2179 virtu-

193 2223 274 2285 tibus
288 2221 366 2296 aliis,
381 2219 498 2301 pietatis
512 2217 552 2281 est
567 2231 658 2282 totus.
695 2219 735 2284 Et
743 2221 813 2285 talis
826 2219 867 2283 est
880 2221 984 2303 pietas,

193 2327 242 2390 cui
255 2323 404 2409 ignoscas:
421 2324 556 2387 laudabis
570 2326 674 2401 etiam,
690 2325 710 2388 fi
723 2327 901 2409 cogitaveris
913 2327 985 2410 quid

194 2430 333 2495 amiserit.
378 2428 487 2492 Amisit
500 2431 583 2495 enim
604 2431 699 2494 filiam
720 2451 789 2515 quae
810 2453 872 2494 non
885 2432 986 2497 minus

194 2558 292 2603 mores
307 2537 383 2621 ejus,
406 2556 497 2620 quam
511 2557 546 2599 os
560 2538 737 2622 vultumque
760 2535 922 2614 referebat*
938 2551 987 2603 t0·‘

177 2644 318 2728 tumque
342 2653 457 2728 patrem
479 2643 557 2704 mira
575 2642 765 2705 srmilitudine
788 2642 983 2726 exscripserat.

192 2749 357 2814 Proindefi
370 2770 443 2832 quas
457 2750 494 2811 ad
509 2749 639 2811 eundem
657 2751 697 2810 de
710 2749 812 2815 dolore
825 2763 895 2814 tam
906 2748 986 2833 justo

178 2857 292 2921 literas
305 2856 422 2932 mittes,
433 2867 587 2918 memento
599 2854 741 2918 adhibere
753 2854 903 2932 solatium,
919 2875 985 2921 non

193 2960 275 3045 quasi
299 2959 522 3044 caffigatdrium
535 2962 567 3026 &
582 2959 683 3024 ,nimis
708 2956 809 3040 forte,:
821 2958 986 3027 sedmollc
