2317 3767
392 288 581 335 utnon
625 287 661 333 x.
866 283 924 346 421

107 394 110 401 -
143 431 177 495 ἃ
190 430 264 514 agri,
280 431 317 491 de
327 430 435 515 quibus
445 432 562 513 loquor,
579 429 634 492 s1nt
649 429 726 492 ultra
739 426 931 493 centefimum

143 534 462 618 &quinquagesimum
479 536 621 618 lapidem.

220 748 222 753 ’
341 764 430 811 xxv.
467 763 525 808 Ta.
553 762 678 807 anuto
706 764 734 807 s.

147 908 221 1019 Er
240 956 369 1038 privatas
381 954 503 1030 multas,
525 953 556 1016 δι
569 974 673 1016 omnes
687 954 819 1035 publicas
834 952 932 1018 causas

145 1062 263 1144 petendi
288 1070 472 1121 commeatus
486 1058 650 1121 reddidisti:
668 1060 742 1122 mihi
768 1072 867 1123 autem
883 1060 932 1122 ve'l

104 1155 107 1162 ⁴
145 1163 206 1228 sola
219 1166 358 1227 voluntas
371 1176 423 1225 tua
441 1159 605 1226 suffecisset.
649 1162 760 1254 Neque
780 1164 862 1227 enim
875 1167 932 1227 du·

146 1270 221 1344 bito,
242 1280 271 1329 te
285 1280 328 1330 vut
341 1268 473 1350 primum
487 1267 629 1349 potueris,
644 1269 681 1329 ad
694 1279 757 1329 tam
771 1267 933 1331 distnuum
1036 1326 1039 1330 .

147 1371 282 1436 officium
296 1369 491 1434 reversurum.
536 1370 672 1434 Statuam
685 1372 755 1455 poni
775 1371 851 1443 mihi
873 1374 934 1435 ate

146 1479 184 1543 eo
210 1479 291 1561 quod
319 1475 460 1547 defideraa
487 1477 554 1539 loco
577 1476 763 1559 (quanquam
789 1474 932 1560 ejusmodi

145 1583 295 1645 honorum
309 1577 501 1665 parciffimus)
523 1593 626 1643 tamen
648 1582 752 1663 patior,
780 1600 817 1642 ne
837 1564 931 1663 impe-

147 1685 218 1749 diffe
231 1685 348 1749 cursum
363 1705 431 1769 erga
445 1706 494 1748 me
509 1685 625 1768 pietatis
639 1699 700 1749 tuae
716 1686 828 1748 videar.

252 1915 358 1960 xxvt.
383 1913 417 1959 C·
436 1912 581 1957 PLINIUS
601 1913 658 1957 TR.
685 1913 765 1957 lMP·
789 1912 817 1956 S.

152 2058 279 2190 Qum
296 2106 425 2182 confido,
442 2106 589 2181 Domine,
605 2097 642 2168 ad
655 2114 758 2173 cutam
769 2118 853 2168 tuam
867 2108 932 2190 per-

136 2216 252 2291 tinere,
276 2213 387 2277 nuncio
407 2212 463 2275 tibi
477 2232 527 2274 me
541 2209 691 2293 Ephesum
709 2231 779 2282 cum
794 2211 934 2274 omnibus

148 2321 223 2383 meis
235 2317 305 2401 ὑπὲρ
321 2314 435 2402 μιλέαν
448 2316 607 2399 navigatio,
630 2316 767 2400 quamvis
781 2315 935 2384 contrariis

148 2425 245 2489 ventis
266 2435 406 2486 retentus.
450 2421 546 2509 Nunc
567 2420 679 2487 destino
700 2420 808 2503 partim
832 2418 934 2493 orariis

148 2529 288 2603 navibus,
314 2528 422 2611 partim
448 2527 592 2595 vehiculis
617 2525 800 2609 provinciam
825 2505 932 2607 petere:

148 2631 235 2697 Nam
260 2631 331 2694 sicut
353 2632 450 2695 itineri
471 2651 575 2713 graves
597 2628 694 2706 aestus,
722 2628 762 2695 ita
786 2627 936 2690 continuae

149 2737 330 2825 navigationi
344 2735 449 2807 Etefiae
463 2734 655 2798 reluctantur.

504 2925 604 3012 Ee3
