2317 3767
323 274 672 320 vetuerit.
873 270 936 345 425

148 416 198 479 issi
212 415 370 501 provinciae
389 416 439 493 est,
460 429 494 479 ut
514 438 567 500 per
579 415 712 500 publicos
731 413 827 478 servos
841 414 937 477 custo-

153 524 298 584 dlantun
327 522 460 598 Etenim,
484 534 517 583 ut
537 522 662 584 fideliter
682 521 739 584 hoc
759 517 881 595 saciant,
905 521 936 583 in

116 621 117 624 ¹
154 640 205 690 tua
218 627 367 689 severitate
381 648 414 689 ac
428 626 579 708 diligentia
593 626 717 709 positum
733 624 783 687 est.
820 623 862 687 'In
875 624 936 707 pri-

154 733 211 794 mis
236 733 328 806 enim,
354 731 425 794 ficut
450 731 561 806 scribis,
588 733 751 794 verendum
776 729 827 806 est,
853 729 937 793 nest

152 838 377 920 permisceantur
391 837 479 899 servis
491 838 616 920 publicis
627 838 747 911 milites,
772 849 880 898 mutua.
890 836 937 897 in·-

107 1019 114 1026 .
152 955 197 1004 ter
219 943 246 1004 se
266 942 373 1003 fiducia
392 943 615 1023 negligentiores
629 942 694 1003 smt.
740 941 798 1003 Sed
818 941 936 1004 &illud

151 1049 263 1109 haereat
277 1048 373 1120 nobis,
390 1067 481 1128 quam
495 1046 679 1129 paucissimos
694 1046 803 1108 milites
817 1044 834 1107 ὲ
849 1044 936 1128 fignie

152 1153 319 1213 avocandos
334 1151 400 1212 esse.

225 1402 228 1407 Δ
254 1381 367 1432 xxxtt.
401 1381 433 1425 C.
453 1381 596 1424 PLINIUS
619 1381 675 1424 TR·
695 1380 777 1426 1M1’.
803 1381 831 1429 S·

154 1528 320 1641 Gustus
348 1572 451 1636 Bassus
472 1571 628 1657 praeseslus
651 1595 712 1635 orae
736 1571 880 1648 Ponticoe,
894 1571 938 1635 ’ὅτ

151 1678 376 1740 reverentissime
401 1681 430 1741 ἃ
445 1677 658 1755 officiosissime,
682 1679 827 1753 Domine,
853 1676 936 1737 venit

150 1784 187 1844 ad
218 1804 278 1857 me,
304 1784 334 1845 ἃ
359 1785 560 1866 compluribus
588 1785 692 1847 diebus
716 1781 774 1847 suit
802 1775 933 1845 mecum.

151 1888 310 1972 Quantum
325 1886 484 1971 perspicere
502 1890 597 1971 potui,
618 1891 664 1950 vir
677 1889 822 1972 egregius,
843 1889 874 1951 ὅτ
888 1887 934 1948 in·

150 1994 303 2075 dulgentia
317 2006 368 2054 tua
389 1995 507 2075 dignus,
534 1995 582 2055 cui
597 2015 652 2076 ego
665 2006 771 2056 notum
790 1989 846 2054 feci
860 2013 935 2075 proe-

111 2142 113 2147 .
148 2098 252 2182 cepisse
266 2112 306 2173 te,
323 2111 355 2160 ut
373 2119 410 2159 ex
430 2098 600 2161 cohortibus
620 2100 727 2182 quibus
740 2119 795 2165 ,me
817 2095 933 2181 praeesse

145 2203 277 2279 ¹voluisti,
312 2217 467 2266 contentus
492 2203 562 2266 esset
592 2204 785 2267 beneficiariis
817 2206 932 2278 decem,

149 2309 297 2390 equitibus
310 2311 438 2384 duobus,
457 2310 628 2372 centurione
642 2330 712 2372 uno.
758 2307 931 2392 Respondit,

149 2431 209 2477 non
223 2411 351 2475 sufficere
365 2414 417 2476 fibi
430 2415 509 2477 hunc
518 2435 689 2489 numerum,
702 2415 790 2497 idque
803 2412 832 2474 se
845 2412 933 2495 scrip.

150 2527 251 2577 turum
277 2517 343 2579 tibi.
387 2518 456 2581 Hoc
481 2520 513 2581 in
534 2519 620 2581 causa
645 2517 714 2596 suit,
745 2540 805 2602 quo
832 2519 932 2581 minus

149 2620 245 2683 statim
268 2625 445 2686 revocandos
468 2637 615 2708 putarem.
628 2645 702 2709 quos
730 2625 820 2688 habet
847 2623 931 2708 supra
974 2610 978 2621 ’

150 2747 320 2790 numerum.
