2317 3767
206 290 226 354 8
372 309 406 354 e.
431 309 546 355 reru.
573 297 833 358 eersroene'.

208 452 284 514 mihi
309 471 380 515 curn
404 450 552 517 Cicerone
571 452 743 516 aemulatio:
768 472 823 515 nec
844 449 908 513 sum
924 471 997 514 con-

207 568 307 619 tentus
321 558 490 641 eloquentia
510 558 598 620 seculi
614 557 713 621 nostri.
733 561 737 570 '
758 558 846 622 Nam
868 555 997 620 stultissi-

208 682 294 723 mum
307 663 407 738 credo,
428 664 465 724 ad
479 664 660 725 Imitandum
676 684 736 725 non
748 664 862 747 optima
872 682 998 745 quaeque

208 788 381 850 proponere.
413 767 469 830 Sed
480 780 526 844 tu,
541 769 594 850 qui
607 768 810 853 hujusjudicii
825 767 997 843 meministi,

210 891 264 934 cur
277 872 358 935 illius
368 874 479 936 oblitus
494 894 537 947 es,
551 873 654 956 inquo
665 894 714 935 me
721 872 914 956 interrogasti,
926 872 998 956 quid

210 977 247 1038 de
265 976 358 1040 Metii
380 977 511 1041 Modeffi
530 979 637 1061 pietate
660 976 818 1041 sentirem?
831 977 1000 1060 ‘Expalluit

104 1125 107 1134 .
211 1083 398 1147 notabiliter:
422 1084 560 1166 quamvis
574 1083 684 1166 palleat
700 1083 824 1166 semper.
870 1080 999 1145 Haesrta-
1024 1117 1035 1138 ι

211 1191 342 1266 bundus,
380 1189 576 1272 Interrogavi,
609 1210 670 1252 non
704 1202 739 1252 ut
766 1189 821 1251 tibi
848 1208 998 1264 nocerem,

210 1292 259 1356 sed
295 1308 328 1357 ut
364 1294 514 1359 Modesto.
568 1294 648 1358 Vide
676 1294 807 1357 hominis
842 1293 1000 1356 crudelita-

212 1410 295 1462 tem:
316 1401 369 1484 qui
394 1400 422 1463 se
444 1422 506 1464 non
520 1400 680 1464 dissimulet
697 1401 778 1462 exuli
793 1420 898 1462 nocere
911 1401 1001 1462 volu·

211 1504 273 1569 isse.
303 1504 464 1590 subjunxit
477 1507 627 1588 egregiam
642 1505 772 1567 causam.
803 1504 933 1588 Scripsit,
953 1505 1002 1567 in·

212 1611 289 1694 quit,
307 1611 342 1672 in
364 1610 485 1693 epistola
498 1611 640 1694 quadam,
662 1632 730 1694 quae
753 1613 831 1693 apud
848 1609 1002 1674 Domitia·

211 1693 288 1779 nirm
297 1715 433 1778 ‘recitata
454 1715 509 1792 etl,
539 1715 674 1798 Regulus
698 1718 836 1779 omnium
860 1716 1003 1797 bipedum

213 1821 416 1905 nequissrmus.
458 1821 556 1907 Quod
577 1824 700 1907 quidem
722 1822 878 1886 Modestus
892 1819 1003 1884 verisn-

214 1948 264 1990 me
278 1926 436 2010 scripserat.
481 1927 544 1991 Hic
558 1926 620 1991 fere
643 1930 730 1992 nobis
743 1927 886 1991 sermonis
900 1927 1004 1989 tenni·

214 2055 284 2097 nus.
329 2033 441 2118 Neque
458 2034 546 2095 enim
560 2035 643 2096 volui
661 2034 796 2117 progredi
810 2033 945 2115 longius:
971 2044 1005 2094 ut

216 2139 293 2202 milri
316 2139 420 2202 omnia
442 2139 536 2201 libera
560 2139 719 2215 servarem,
748 2142 822 2202 dum
846 2128 1005 2202 Mauricus

185 2290 191 2298 .
216 2245 309 2306 venit.
353 2243 423 2308 Nec
437 2265 486 2306 me
507 2246 637 2328 praeterit
651 2242 707 2306 esse
723 2244 876 2327 Regulum
896 2245 1006 2312 duana-

217 2352 358 2432 θιιίρετον.
390 2335 442 2413 Est
455 2350 537 2412 enim
551 2351 695 2433 locuples,
710 2346 862 2427 fasliosus,
887 2362 1008 2414 curatur

215 2455 236 2521 ὲ
251 2458 366 2546 multis,
385 2458 508 2520 timetur
522 2454 540 2518 al
554 2457 707 2539 pluribus:
734 2458 814 2540 quod
830 2457 1006 2540 plerumque

217 2560 324 2627 fortius
347 2583 449 2626 amore
471 2561 521 2625 est.
567 2561 664 2625 Potest
678 2575 781 2625 tamen
794 2560 870 2638 fieri,
895 2575 928 2624 ut
941 2562 1007 2624 haec

219 2667 356 2734 concussa
377 2670 526 2731 labantur.
571 2666 658 2730 Nam
673 2669 767 2751 gratia
780 2670 930 2731 malorum
945 2680 1009 2730 tam

217 2777 309 2839 infida
323 2774 374 2851 est,
390 2795 481 2857 quam
496 2770 558 2855 ipsr.
605 2772 732 2850 Verum,
758 2787 792 2836 ut
806 2773 886 2836 idem
902 2773 1008 2858 saepius

217 2883 327 2959 dicam,
355 2880 482 2963 expello
514 2876 702 2942 Mauricum.
749 2878 807 2942 Vir
828 2879 869 2942 est
896 2877 1007 2963 gravis,

217 2990 357 3074 prudens,
383 2985 486 3050 multis
507 2984 718 3068 experimentis
741 2984 885 3062 eruditus,
908 2987 939 3051 dt
956 2985 1027 3067 qui·
