<?xml version="1.0" encoding="UTF-8"?>
<!DOCTYPE html PUBLIC "-//W3C//DTD XHTML 1.0 Transitional//EN"
    "http://www.w3.org/TR/xhtml1/DTD/xhtml1-transitional.dtd">
<html xmlns="http://www.w3.org/1999/xhtml" xml:lang="en" lang="en">
 <head>
  <title>
</title>
<meta http-equiv="Content-Type" content="text/html;charset=utf-8" />
  <meta name='ocr-system' content='tesseract 3.04.00' />
  <meta name='ocr-capabilities' content='ocr_page ocr_carea ocr_par ocr_line ocrx_word'/>
</head>
<body>
  <div class='ocr_page' id='page_1' title='image "./cpliniicciliise01plingoog_0312.png"; bbox 0 0 2317 3767; ppageno 0'>
   <div class='ocr_carea' id='block_1_1' title="bbox 199 266 827 337">
    <p class='ocr_par' dir='ltr' id='par_1_1' title="bbox 199 266 827 337">
     <span class='ocr_line' id='line_1_1' title="bbox 199 266 827 337; baseline -0.005 -18"><span class='ocrx_word' id='word_1_1' title='bbox 199 268 262 337; x_wconf 79' lang='lat'>294</span> <span class='ocrx_word' id='word_1_2' title='bbox 359 271 394 317; x_wconf 83' lang='lat' dir='ltr'>c.</span> <span class='ocrx_word' id='word_1_3' title='bbox 419 271 534 318; x_wconf 74' lang='lat' dir='ltr'>euru.</span> <span class='ocrx_word' id='word_1_4' title='bbox 564 266 827 317; x_wconf 74' lang='lat' dir='ltr'>rarsrounr.</span> 
     </span>
    </p>
   </div>
   <div class='ocr_carea' id='block_1_2' title="bbox 123 410 1038 3033">
    <p class='ocr_par' dir='ltr' id='par_1_2' title="bbox 123 410 994 1870">
     <span class='ocr_line' id='line_1_2' title="bbox 196 410 989 498; baseline -0.001 -20"><span class='ocrx_word' id='word_1_5' title='bbox 196 410 333 478; x_wconf 80' lang='lat' dir='ltr'>Thrasea</span> <span class='ocrx_word' id='word_1_6' title='bbox 352 425 434 498; x_wconf 82' lang='lat' dir='ltr'>patre</span> <span class='ocrx_word' id='word_1_7' title='bbox 455 413 633 498; x_wconf 81' lang='lat' dir='ltr'>digniffima.</span> <span class='ocrx_word' id='word_1_8' title='bbox 678 415 809 497; x_wconf 78' lang='lat' dir='ltr'>Reliqua</span> <span class='ocrx_word' id='word_1_9' title='bbox 833 414 989 490; x_wconf 84' lang='lat' dir='ltr'>labuntur,</span> 
     </span>
     <span class='ocr_line' id='line_1_3' title="bbox 195 520 991 601; baseline -0.001 -18"><span class='ocrx_word' id='word_1_10' title='bbox 195 538 304 601; x_wconf 90' lang='lat' dir='ltr'>meque</span> <span class='ocrx_word' id='word_1_11' title='bbox 317 539 379 582; x_wconf 88' lang='lat' dir='ltr'>non</span> <span class='ocrx_word' id='word_1_12' title='bbox 398 533 480 583; x_wconf 90' lang='lat' dir='ltr'>metu</span> <span class='ocrx_word' id='word_1_13' title='bbox 497 532 627 597; x_wconf 68' lang='lat' dir='ltr'>tannim,</span> <span class='ocrx_word' id='word_1_14' title='bbox 653 541 760 584; x_wconf 87' lang='lat' dir='ltr'>verum</span> <span class='ocrx_word' id='word_1_15' title='bbox 782 521 874 583; x_wconf 88' lang='lat' dir='ltr'>etiam</span> <span class='ocrx_word' id='word_1_16' title='bbox 887 520 991 584; x_wconf 86' lang='lat' dir='ltr'>dolore</span> 
     </span>
     <span class='ocr_line' id='line_1_4' title="bbox 123 614 990 691; baseline 0.001 -5"><span class='ocrx_word' id='word_1_17' title='bbox 123 614 125 619; x_wconf 59' lang='grc'>’</span> <span class='ocrx_word' id='word_1_18' title='bbox 193 624 366 687; x_wconf 87' lang='lat' dir='ltr'>conficiunt.</span> <span class='ocrx_word' id='word_1_19' title='bbox 412 626 512 691; x_wconf 90' lang='lat' dir='ltr'>Doleo</span> <span class='ocrx_word' id='word_1_20' title='bbox 535 627 618 689; x_wconf 89' lang='lat' dir='ltr'>enim</span> <span class='ocrx_word' id='word_1_21' title='bbox 637 627 803 689; x_wconf 83' lang='lat' dir='ltr'>maximam</span> <span class='ocrx_word' id='word_1_22' title='bbox 828 623 990 688; x_wconf 86' lang='lat' dir='ltr'>foeminam</span> 
     </span>
     <span class='ocr_line' id='line_1_5' title="bbox 198 731 990 816; baseline 0.001 -23"><span class='ocrx_word' id='word_1_23' title='bbox 198 731 271 815; x_wconf 90' lang='lat' dir='ltr'>eripi</span> <span class='ocrx_word' id='word_1_24' title='bbox 281 731 376 794; x_wconf 88' lang='lat' dir='ltr'>oculis</span> <span class='ocrx_word' id='word_1_25' title='bbox 389 732 528 807; x_wconf 84' lang='lat' dir='ltr'>civitatis,</span> <span class='ocrx_word' id='word_1_26' title='bbox 553 731 650 795; x_wconf 87' lang='lat' dir='ltr'>nescio</span> <span class='ocrx_word' id='word_1_27' title='bbox 663 753 703 795; x_wconf 87' lang='lat' dir='ltr'>an</span> <span class='ocrx_word' id='word_1_28' title='bbox 714 733 826 816; x_wconf 90' lang='lat' dir='ltr'>aliquid</span> <span class='ocrx_word' id='word_1_29' title='bbox 837 732 931 794; x_wconf 79' lang='lat' dir='ltr'>simile</span> <span class='ocrx_word' id='word_1_30' title='bbox 942 733 990 794; x_wconf 90' lang='lat' dir='ltr'>vi·</span> 
     </span>
     <span class='ocr_line' id='line_1_6' title="bbox 197 836 988 922; baseline -0.004 -22"><span class='ocrx_word' id='word_1_31' title='bbox 197 836 281 901; x_wconf 88' lang='lat' dir='ltr'>suris.</span> <span class='ocrx_word' id='word_1_32' title='bbox 326 836 408 922; x_wconf 78' lang='lat' dir='ltr'>Qsae</span> <span class='ocrx_word' id='word_1_33' title='bbox 439 837 552 901; x_wconf 87' lang='lat' dir='ltr'>castitas</span> <span class='ocrx_word' id='word_1_34' title='bbox 589 837 689 901; x_wconf 88' lang='lat' dir='ltr'>illius?</span> <span class='ocrx_word' id='word_1_35' title='bbox 727 859 796 922; x_wconf 85' lang='lat' dir='ltr'>quae</span> <span class='ocrx_word' id='word_1_36' title='bbox 823 836 988 899; x_wconf 58' lang='lat' dir='ltr'>sanititas?</span> 
     </span>
     <span class='ocr_line' id='line_1_7' title="bbox 197 942 989 1026; baseline -0.001 -22"><span class='ocrx_word' id='word_1_37' title='bbox 197 954 308 1025; x_wconf 84' lang='lat' dir='ltr'>quanta</span> <span class='ocrx_word' id='word_1_38' title='bbox 317 943 469 1026; x_wconf 82' lang='lat' dir='ltr'>gravitas?</span> <span class='ocrx_word' id='word_1_39' title='bbox 498 957 609 1026; x_wconf 89' lang='lat' dir='ltr'>quanta</span> <span class='ocrx_word' id='word_1_40' title='bbox 630 943 811 1006; x_wconf 84' lang='lat' dir='ltr'>constantia?</span> <span class='ocrx_word' id='word_1_41' title='bbox 857 942 909 1006; x_wconf 89' lang='lat' dir='ltr'>Bis</span> <span class='ocrx_word' id='word_1_42' title='bbox 922 962 989 1004; x_wconf 87' lang='lat' dir='ltr'>ma-</span> 
     </span>
     <span class='ocr_line' id='line_1_8' title="bbox 197 1047 992 1132; baseline 0.001 -24"><span class='ocrx_word' id='word_1_43' title='bbox 197 1047 289 1109; x_wconf 89' lang='lat' dir='ltr'>ritum</span> <span class='ocrx_word' id='word_1_44' title='bbox 308 1047 405 1111; x_wconf 87' lang='lat' dir='ltr'>secuta</span> <span class='ocrx_word' id='word_1_45' title='bbox 429 1049 461 1110; x_wconf 92' lang='lat' dir='ltr'>in</span> <span class='ocrx_word' id='word_1_46' title='bbox 486 1049 610 1112; x_wconf 87' lang='lat' dir='ltr'>exilium</span> <span class='ocrx_word' id='word_1_47' title='bbox 623 1048 674 1125; x_wconf 82' lang='lat' dir='ltr'>est,</span> <span class='ocrx_word' id='word_1_48' title='bbox 700 1050 787 1111; x_wconf 87' lang='lat' dir='ltr'>tertio</span> <span class='ocrx_word' id='word_1_49' title='bbox 803 1047 864 1132; x_wconf 89' lang='lat' dir='ltr'>ipsa</span> <span class='ocrx_word' id='word_1_50' title='bbox 873 1060 992 1132; x_wconf 90' lang='lat' dir='ltr'>propter</span> 
     </span>
     <span class='ocr_line' id='line_1_9' title="bbox 199 1154 991 1237; baseline 0 -22"><span class='ocrx_word' id='word_1_51' title='bbox 199 1155 342 1217; x_wconf 89' lang='lat' dir='ltr'>maritum</span> <span class='ocrx_word' id='word_1_52' title='bbox 367 1155 505 1237; x_wconf 83' lang='lat' dir='ltr'>relegata.</span> <span class='ocrx_word' id='word_1_53' title='bbox 563 1155 649 1218; x_wconf 89' lang='lat' dir='ltr'>Nam</span> <span class='ocrx_word' id='word_1_54' title='bbox 674 1176 746 1217; x_wconf 89' lang='lat' dir='ltr'>cum</span> <span class='ocrx_word' id='word_1_55' title='bbox 777 1154 900 1217; x_wconf 84' lang='lat' dir='ltr'>Senecio</span> <span class='ocrx_word' id='word_1_56' title='bbox 924 1174 991 1216; x_wconf 89' lang='lat' dir='ltr'>reus</span> 
     </span>
     <span class='ocr_line' id='line_1_10' title="bbox 199 1256 990 1344; baseline -0.001 -23"><span class='ocrx_word' id='word_1_57' title='bbox 199 1258 279 1335; x_wconf 87' lang='lat' dir='ltr'>esset,</span> <span class='ocrx_word' id='word_1_58' title='bbox 296 1262 377 1344; x_wconf 89' lang='lat' dir='ltr'>quod</span> <span class='ocrx_word' id='word_1_59' title='bbox 388 1263 425 1322; x_wconf 91' lang='lat' dir='ltr'>de</span> <span class='ocrx_word' id='word_1_60' title='bbox 439 1261 502 1324; x_wconf 86' lang='lat' dir='ltr'>vita</span> <span class='ocrx_word' id='word_1_61' title='bbox 517 1259 653 1323; x_wconf 88' lang='lat' dir='ltr'>Helvidii</span> <span class='ocrx_word' id='word_1_62' title='bbox 670 1261 761 1323; x_wconf 90' lang='lat' dir='ltr'>libros</span> <span class='ocrx_word' id='word_1_63' title='bbox 775 1256 990 1342; x_wconf 64' lang='lat' dir='ltr'>composuisset,</span> 
     </span>
     <span class='ocr_line' id='line_1_11' title="bbox 200 1363 990 1450; baseline -0.006 -21"><span class='ocrx_word' id='word_1_64' title='bbox 200 1381 395 1450; x_wconf 80' lang='lat' dir='ltr'>rogatumque</span> <span class='ocrx_word' id='word_1_65' title='bbox 416 1365 476 1429; x_wconf 66' lang='lat' dir='ltr'>set</span> <span class='ocrx_word' id='word_1_66' title='bbox 501 1365 618 1429; x_wconf 87' lang='lat' dir='ltr'>Fannia</span> <span class='ocrx_word' id='word_1_67' title='bbox 632 1368 664 1427; x_wconf 92' lang='lat' dir='ltr'>in</span> <span class='ocrx_word' id='word_1_68' title='bbox 683 1363 849 1427; x_wconf 83' lang='lat' dir='ltr'>defenfione</span> <span class='ocrx_word' id='word_1_69' title='bbox 863 1363 990 1439; x_wconf 77' lang='lat' dir='ltr'>dixisset,</span> 
     </span>
     <span class='ocr_line' id='line_1_12' title="bbox 200 1469 992 1556; baseline -0.004 -22"><span class='ocrx_word' id='word_1_70' title='bbox 200 1485 350 1553; x_wconf 74' lang='lat' dir='ltr'>quaerente</span> <span class='ocrx_word' id='word_1_71' title='bbox 363 1472 518 1534; x_wconf 82' lang='lat' dir='ltr'>minaciter</span> <span class='ocrx_word' id='word_1_72' title='bbox 541 1471 654 1534; x_wconf 88' lang='lat' dir='ltr'>Mettio</span> <span class='ocrx_word' id='word_1_73' title='bbox 680 1469 763 1534; x_wconf 90' lang='lat' dir='ltr'>Caro</span> <span class='ocrx_word' id='word_1_74' title='bbox 785 1492 822 1531; x_wconf 84' lang='lat' dir='ltr'>an</span> <span class='ocrx_word' id='word_1_75' title='bbox 848 1470 992 1556; x_wconf 66' lang='lat' dir='ltr'>rogefft?</span> 
     </span>
     <span class='ocr_line' id='line_1_13' title="bbox 201 1569 994 1661; baseline -0.003 -21"><span class='ocrx_word' id='word_1_76' title='bbox 201 1576 358 1660; x_wconf 87' lang='lat' dir='ltr'>respondit,</span> <span class='ocrx_word' id='word_1_77' title='bbox 387 1577 511 1661; x_wconf 60' lang='lat' dir='ltr'>rogavit</span> <span class='ocrx_word' id='word_1_78' title='bbox 548 1599 586 1639; x_wconf 86' lang='lat' dir='ltr'>an</span> <span class='ocrx_word' id='word_1_79' title='bbox 620 1575 828 1639; x_wconf 80' lang='lat' dir='ltr'>commentarios</span> <span class='ocrx_word' id='word_1_80' title='bbox 846 1569 994 1660; x_wconf 81' lang='lat' dir='ltr'>scripturo</span> 
     </span>
     <span class='ocr_line' id='line_1_14' title="bbox 200 1679 991 1768; baseline -0.004 -24"><span class='ocrx_word' id='word_1_81' title='bbox 200 1683 324 1768; x_wconf 83' lang='lat' dir='ltr'>dediffet,</span> <span class='ocrx_word' id='word_1_82' title='bbox 339 1683 426 1744; x_wconf 73' lang='lat' dir='ltr'>dedit</span> <span class='ocrx_word' id='word_1_83' title='bbox 447 1705 484 1745; x_wconf 84' lang='lat' dir='ltr'>an</span> <span class='ocrx_word' id='word_1_84' title='bbox 488 1681 600 1767; x_wconf 84' lang='lat' dir='ltr'>sciente</span> <span class='ocrx_word' id='word_1_85' title='bbox 614 1695 716 1757; x_wconf 81' lang='lat' dir='ltr'>matre,</span> <span class='ocrx_word' id='word_1_86' title='bbox 731 1680 887 1743; x_wconf 88' lang='lat' dir='ltr'>nesciente.</span> <span class='ocrx_word' id='word_1_87' title='bbox 921 1679 991 1743; x_wconf 88' lang='lat' dir='ltr'>Pos-</span> 
     </span>
     <span class='ocr_line' id='line_1_15' title="bbox 200 1784 990 1870; baseline -0.004 -20"><span class='ocrx_word' id='word_1_88' title='bbox 200 1801 297 1850; x_wconf 90' lang='lat' dir='ltr'>tremo</span> <span class='ocrx_word' id='word_1_89' title='bbox 311 1788 428 1850; x_wconf 86' lang='lat' dir='ltr'>nullam</span> <span class='ocrx_word' id='word_1_90' title='bbox 442 1806 548 1849; x_wconf 86' lang='lat' dir='ltr'>vocem</span> <span class='ocrx_word' id='word_1_91' title='bbox 570 1789 725 1850; x_wconf 87' lang='lat' dir='ltr'>cedentem</span> <span class='ocrx_word' id='word_1_92' title='bbox 743 1786 875 1870; x_wconf 87' lang='lat' dir='ltr'>periculo</span> <span class='ocrx_word' id='word_1_93' title='bbox 884 1784 990 1861; x_wconf 73' lang='lat' dir='ltr'>emisit,</span> 
     </span>
    </p>

    <p class='ocr_par' dir='ltr' id='par_1_3' title="bbox 195 1874 1038 3033">
     <span class='ocr_line' id='line_1_16' title="bbox 202 1874 1038 1976; baseline -0.004 -21"><span class='ocrx_word' id='word_1_94' title='bbox 202 1894 274 1976; x_wconf 88' lang='lat' dir='ltr'>quin</span> <span class='ocrx_word' id='word_1_95' title='bbox 289 1895 380 1955; x_wconf 90' lang='lat' dir='ltr'>etiam</span> <span class='ocrx_word' id='word_1_96' title='bbox 395 1894 462 1956; x_wconf 89' lang='lat' dir='ltr'>illos</span> <span class='ocrx_word' id='word_1_97' title='bbox 476 1890 551 1976; x_wconf 90' lang='lat' dir='ltr'>ipsos</span> <span class='ocrx_word' id='word_1_98' title='bbox 566 1893 670 1969; x_wconf 90' lang='lat' dir='ltr'>libros,</span> <span class='ocrx_word' id='word_1_99' title='bbox 694 1911 866 1975; x_wconf 83' lang='lat' dir='ltr'>quanquam</span> <span class='ocrx_word' id='word_1_100' title='bbox 884 1910 922 1952; x_wconf 84' lang='lat' dir='ltr'>ex</span> <span class='ocrx_word' id='word_1_101' title='bbox 938 1911 992 1953; x_wconf 93' lang='lat' dir='ltr'>ne·</span> <span class='ocrx_word' id='word_1_102' title='bbox 1036 1874 1038 1878; x_wconf 20' lang='lat'>⁸</span> 
     </span>
     <span class='ocr_line' id='line_1_17' title="bbox 200 1994 992 2081; baseline -0.004 -21"><span class='ocrx_word' id='word_1_103' title='bbox 200 1997 339 2074; x_wconf 76' lang='lat' dir='ltr'>cessitate,</span> <span class='ocrx_word' id='word_1_104' title='bbox 355 2000 386 2062; x_wconf 71' lang='grc' dir='ltr'>δε</span> <span class='ocrx_word' id='word_1_105' title='bbox 408 2010 490 2060; x_wconf 92' lang='lat' dir='ltr'>metu</span> <span class='ocrx_word' id='word_1_106' title='bbox 515 2010 685 2081; x_wconf 86' lang='lat' dir='ltr'>temporum</span> <span class='ocrx_word' id='word_1_107' title='bbox 707 1997 834 2060; x_wconf 86' lang='lat' dir='ltr'>abolitos</span> <span class='ocrx_word' id='word_1_108' title='bbox 855 1994 992 2059; x_wconf 87' lang='lat' dir='ltr'>Senatus·</span> 
     </span>
     <span class='ocr_line' id='line_1_18' title="bbox 202 2100 993 2185; baseline -0.003 -19"><span class='ocrx_word' id='word_1_109' title='bbox 202 2100 346 2179; x_wconf 91' lang='lat' dir='ltr'>consulto,</span> <span class='ocrx_word' id='word_1_110' title='bbox 362 2104 518 2185; x_wconf 90' lang='lat' dir='ltr'>publicatis</span> <span class='ocrx_word' id='word_1_111' title='bbox 529 2104 627 2180; x_wconf 91' lang='lat' dir='ltr'>bonis,</span> <span class='ocrx_word' id='word_1_112' title='bbox 641 2102 778 2178; x_wconf 87' lang='lat' dir='ltr'>servavit,</span> <span class='ocrx_word' id='word_1_113' title='bbox 801 2104 917 2179; x_wconf 83' lang='lat' dir='ltr'>habuit,</span> <span class='ocrx_word' id='word_1_114' title='bbox 943 2113 993 2164; x_wconf 87' lang='lat' dir='ltr'>tu-</span> 
     </span>
     <span class='ocr_line' id='line_1_19' title="bbox 201 2207 993 2294; baseline 0 -23"><span class='ocrx_word' id='word_1_115' title='bbox 201 2209 299 2294; x_wconf 84' lang='lat' dir='ltr'>litque</span> <span class='ocrx_word' id='word_1_116' title='bbox 308 2208 340 2270; x_wconf 91' lang='lat' dir='ltr'>in</span> <span class='ocrx_word' id='word_1_117' title='bbox 362 2208 486 2270; x_wconf 84' lang='lat' dir='ltr'>exilium</span> <span class='ocrx_word' id='word_1_118' title='bbox 500 2209 583 2272; x_wconf 86' lang='lat' dir='ltr'>exilii</span> <span class='ocrx_word' id='word_1_119' title='bbox 597 2207 727 2271; x_wconf 86' lang='lat' dir='ltr'>causam.</span> <span class='ocrx_word' id='word_1_120' title='bbox 771 2209 886 2275; x_wconf 86' lang='lat' dir='ltr'>Eadem</span> <span class='ocrx_word' id='word_1_121' title='bbox 901 2226 993 2292; x_wconf 83' lang='lat' dir='ltr'>quum</span> 
     </span>
     <span class='ocr_line' id='line_1_20' title="bbox 195 2309 992 2400; baseline 0.001 -24"><span class='ocrx_word' id='word_1_122' title='bbox 195 2315 342 2400; x_wconf 87' lang='lat' dir='ltr'>jucunda,</span> <span class='ocrx_word' id='word_1_123' title='bbox 371 2309 464 2397; x_wconf 87' lang='lat' dir='ltr'>quam</span> <span class='ocrx_word' id='word_1_124' title='bbox 493 2314 599 2389; x_wconf 88' lang='lat' dir='ltr'>comis,</span> <span class='ocrx_word' id='word_1_125' title='bbox 627 2335 719 2399; x_wconf 89' lang='lat' dir='ltr'>quam</span> <span class='ocrx_word' id='word_1_126' title='bbox 748 2315 875 2398; x_wconf 89' lang='lat' dir='ltr'>denique</span> <span class='ocrx_word' id='word_1_127' title='bbox 900 2315 992 2398; x_wconf 79' lang='lat' dir='ltr'>(quod</span> 
     </span>
     <span class='ocr_line' id='line_1_21' title="bbox 201 2416 993 2506; baseline 0.001 -25"><span class='ocrx_word' id='word_1_128' title='bbox 201 2420 303 2506; x_wconf 83' lang='lat' dir='ltr'>paucis</span> <span class='ocrx_word' id='word_1_129' title='bbox 327 2421 432 2481; x_wconf 88' lang='lat' dir='ltr'>datum</span> <span class='ocrx_word' id='word_1_130' title='bbox 448 2416 500 2498; x_wconf 89' lang='lat' dir='ltr'>est)</span> <span class='ocrx_word' id='word_1_131' title='bbox 524 2441 585 2483; x_wconf 91' lang='lat' dir='ltr'>non</span> <span class='ocrx_word' id='word_1_132' title='bbox 609 2422 710 2484; x_wconf 90' lang='lat' dir='ltr'>minus</span> <span class='ocrx_word' id='word_1_133' title='bbox 729 2420 877 2496; x_wconf 87' lang='lat' dir='ltr'>amabilis,</span> <span class='ocrx_word' id='word_1_134' title='bbox 902 2442 993 2504; x_wconf 89' lang='lat' dir='ltr'>quam</span> 
     </span>
     <span class='ocr_line' id='line_1_22' title="bbox 202 2523 994 2611; baseline 0.001 -24"><span class='ocrx_word' id='word_1_135' title='bbox 202 2527 387 2588; x_wconf 86' lang='lat' dir='ltr'>veneranda:</span> <span class='ocrx_word' id='word_1_136' title='bbox 422 2526 478 2586; x_wconf 86' lang='lat' dir='ltr'>erit</span> <span class='ocrx_word' id='word_1_137' title='bbox 506 2523 574 2588; x_wconf 89' lang='lat' dir='ltr'>sane</span> <span class='ocrx_word' id='word_1_138' title='bbox 599 2547 691 2610; x_wconf 89' lang='lat' dir='ltr'>quam</span> <span class='ocrx_word' id='word_1_139' title='bbox 723 2526 820 2611; x_wconf 85' lang='lat' dir='ltr'>postea</span> <span class='ocrx_word' id='word_1_140' title='bbox 851 2527 994 2591; x_wconf 85' lang='lat' dir='ltr'>uxoribus</span> 
     </span>
     <span class='ocr_line' id='line_1_23' title="bbox 201 2620 994 2718; baseline 0 -21"><span class='ocrx_word' id='word_1_141' title='bbox 201 2620 306 2697; x_wconf 81' lang='lat' dir='ltr'>nostris</span> <span class='ocrx_word' id='word_1_142' title='bbox 321 2633 464 2696; x_wconf 81' lang='lat' dir='ltr'>ostentare</span> <span class='ocrx_word' id='word_1_143' title='bbox 478 2633 636 2716; x_wconf 85' lang='lat' dir='ltr'>posstmus:</span> <span class='ocrx_word' id='word_1_144' title='bbox 661 2635 716 2695; x_wconf 88' lang='lat' dir='ltr'>erit</span> <span class='ocrx_word' id='word_1_145' title='bbox 738 2636 756 2697; x_wconf 71' lang='lat' dir='ltr'>a</span> <span class='ocrx_word' id='word_1_146' title='bbox 775 2656 833 2718; x_wconf 87' lang='lat' dir='ltr'>qua</span> <span class='ocrx_word' id='word_1_147' title='bbox 847 2635 904 2697; x_wconf 90' lang='lat' dir='ltr'>viri</span> <span class='ocrx_word' id='word_1_148' title='bbox 918 2655 994 2718; x_wconf 88' lang='lat' dir='ltr'>quo·</span> 
     </span>
     <span class='ocr_line' id='line_1_24' title="bbox 201 2737 996 2823; baseline 0.003 -22"><span class='ocrx_word' id='word_1_149' title='bbox 201 2760 259 2823; x_wconf 90' lang='lat' dir='ltr'>que</span> <span class='ocrx_word' id='word_1_150' title='bbox 284 2737 466 2802; x_wconf 85' lang='lat' dir='ltr'>fortitudinis</span> <span class='ocrx_word' id='word_1_151' title='bbox 484 2739 622 2823; x_wconf 87' lang='lat' dir='ltr'>exempla</span> <span class='ocrx_word' id='word_1_152' title='bbox 645 2738 812 2803; x_wconf 83' lang='lat' dir='ltr'>sumamus:</span> <span class='ocrx_word' id='word_1_153' title='bbox 843 2760 936 2823; x_wconf 89' lang='lat' dir='ltr'>quam</span> <span class='ocrx_word' id='word_1_154' title='bbox 956 2741 996 2803; x_wconf 84' lang='lat' dir='ltr'>stc</span> 
     </span>
     <span class='ocr_line' id='line_1_25' title="bbox 200 2843 995 2930; baseline 0.004 -24"><span class='ocrx_word' id='word_1_155' title='bbox 200 2858 354 2908; x_wconf 85' lang='lat' dir='ltr'>cernentes</span> <span class='ocrx_word' id='word_1_156' title='bbox 367 2843 573 2926; x_wconf 87' lang='lat' dir='ltr'>audientesque</span> <span class='ocrx_word' id='word_1_157' title='bbox 588 2843 744 2920; x_wconf 88' lang='lat' dir='ltr'>miramur,</span> <span class='ocrx_word' id='word_1_158' title='bbox 767 2856 802 2906; x_wconf 92' lang='lat' dir='ltr'>ut</span> <span class='ocrx_word' id='word_1_159' title='bbox 826 2845 906 2922; x_wconf 85' lang='lat' dir='ltr'>illas,</span> <span class='ocrx_word' id='word_1_160' title='bbox 927 2868 995 2930; x_wconf 90' lang='lat' dir='ltr'>quae</span> 
     </span>
     <span class='ocr_line' id='line_1_26' title="bbox 200 2948 993 3033; baseline 0.006 -22"><span class='ocrx_word' id='word_1_161' title='bbox 200 2950 350 3031; x_wconf 84' lang='lat' dir='ltr'>leguntur.</span> <span class='ocrx_word' id='word_1_162' title='bbox 394 2949 442 3012; x_wconf 86' lang='lat' dir='ltr'>Ac</span> <span class='ocrx_word' id='word_1_163' title='bbox 467 2950 674 3021; x_wconf 81' lang='lat' dir='ltr'>mihidomus</span> <span class='ocrx_word' id='word_1_164' title='bbox 693 2948 754 3033; x_wconf 91' lang='lat' dir='ltr'>ipsa</span> <span class='ocrx_word' id='word_1_165' title='bbox 778 2964 895 3029; x_wconf 87' lang='lat' dir='ltr'>nutare,</span> <span class='ocrx_word' id='word_1_166' title='bbox 920 2974 993 3016; x_wconf 88' lang='lat' dir='ltr'>con-</span> 
     </span>
    </p>
   </div>
   <div class='ocr_carea' id='block_1_3' title="bbox 0 0 1176 3767">
    <p class='ocr_par' dir='ltr' id='par_1_4' title="bbox 0 0 1176 3767">
     <span class='ocr_line' id='line_1_27' title="bbox 0 0 1176 3767; baseline 0 0"><span class='ocrx_word' id='word_1_167' title='bbox 0 0 1176 3767; x_wconf 95' lang='lat' dir='ltr'> </span> 
     </span>
    </p>
   </div>
   <div class='ocr_carea' id='block_1_4' title="bbox 1155 2744 1161 3589">
    <p class='ocr_par' dir='ltr' id='par_1_5' title="bbox 1155 2744 1161 3589">
     <span class='ocr_line' id='line_1_28' title="bbox 1155 2744 1161 3589; baseline 0 0"><span class='ocrx_word' id='word_1_168' title='bbox 1155 2744 1161 3589; x_wconf 95' lang='lat' dir='ltr'> </span> 
     </span>
    </p>
   </div>
  </div>
 </body>
</html>
