2317 3767
299 292 307 307 ,
382 268 573 315 araur
620 266 713 316 urtr.
881 246 941 338 335

152 406 250 477 Iidem
265 408 467 496 prospeximus
489 413 623 476 curiam:
648 413 697 476 sed
718 415 833 476 curiam
851 416 942 498 trepi-

151 521 223 580 dam
237 520 267 581 &
281 518 443 601 elinguem,
466 538 537 583 curn
551 521 648 583 dicere
666 522 747 603 quod
761 521 865 595 velles,
889 541 942 602 pe-

151 622 329 715 riculosum:
352 627 433 707 quod
446 624 552 701 nolles,
575 625 716 687 miserum
731 622 810 689 effct.
856 625 942 709 Qrid

151 742 223 791 tunc
237 729 306 791 disci
319 732 435 814 potuit?
449 732 529 813 'quid
543 730 673 793 didiciffe
683 733 775 815 juvit,
797 752 868 795 curn
887 730 941 795 Se-

152 848 240 898 natus
255 839 356 898 autad
372 836 468 918 otium
482 835 648 912 summurn,
664 850 715 898 aut
734 841 772 898 ad
786 837 940 899 summum

152 940 236 1004 nefas
250 945 422 1004 vocaretur?
438 944 476 1004 .&
499 944 591 1004 rnodo
606 943 745 1016 ludibrio,
770 945 861 1006 modo
885 944 940 1005 do·

151 1049 207 1111 lori
222 1061 365 1122 retentus,
378 1066 533 1129 nunquam
553 1046 637 1122 seria,
651 1047 741 1108 tristia
754 1048 828 1130 saepe
842 1042 940 1111 cense-

153 1156 215 1216 ret?
247 1156 351 1214 eadem
375 1154 454 1212 mala
475 1153 540 1236 jam
569 1152 735 1229 Senatores,
757 1156 822 1237 jam
850 1155 940 1237 parti-

152 1260 231 1343 cipes
246 1260 394 1321 malorum
411 1259 523 1320 multos
537 1279 590 1340 per
602 1278 697 1319 annos
711 1260 853 1334 vidimus,
869 1261 940 1321 tuli·

153 1364 288 1447 musque,
316 1366 426 1448 quibus
449 1364 567 1445 ingenia
595 1362 691 1425 nostra
727 1365 759 1427 in
796 1363 941 1446 posterum

152 1492 269 1555 quoque
289 1471 438 1545 hebetata,
468 1467 574 1544 fracia,
590 1467 711 1530 contusa
724 1467 802 1530 sunt.
847 1467 941 1531 Breve

154 1591 272 1660 tempus
295 1578 378 1660 (nam
393 1588 476 1639 tanto
490 1577 608 1639 brevius
623 1597 724 1651 omne,
751 1588 864 1658 quanto
882 1571 942 1636 foe-

155 1684 240 1746 licius
264 1679 393 1766 tempus)
421 1687 500 1766 quod
523 1684 596 1746 libet
617 1681 687 1745 scire
701 1684 771 1765 quid
787 1682 888 1756 fimus,
905 1682 942 1742 li·

155 1791 205 1852 bet
228 1809 361 1851 exercere
384 1790 464 1870 quod
485 1787 596 1849 sumus.
641 1787 715 1871 Quo
732 1787 837 1872 justius
861 1801 940 1870 pet0,

157 1896 290 1980 primum
305 1907 338 1956 ut
352 1894 457 1956 erroris
480 1893 579 1977 (siquis
597 1892 637 1954 est
651 1890 743 1971 error)
766 1894 877 1955 tribuas
890 1915 943 1954 ve—

155 2002 257 2063 niam:
281 2001 388 2062 deinde
410 2000 553 2061 medearis
567 1997 685 2061 scientia
698 2013 760 2074 tua,
776 2000 824 2062 cui
844 1999 942 2083 super-

155 2104 213 2170 fuit
241 2128 332 2182 curae,
355 2106 393 2167 src
411 2105 481 2188 jura
494 2106 611 2187 publica
629 2118 661 2168 ut
683 2099 807 2187 privata,
827 2106 864 2167 src
888 2127 942 2167 an·

155 2214 237 2295 tiqua
258 2224 290 2273 ut
304 2211 442 2286 recentia,
464 2209 503 2273 fic
523 2231 590 2272 rara
615 2223 648 2273 ut
671 2210 780 2274 affidua
804 2213 940 2274 tractare.

157 2316 258 2400 Atque
282 2339 337 2399 ego
356 2317 481 2379 arbitror
502 2317 562 2378 illis
585 2318 687 2393 etiarn,
716 2319 825 2402 quibus
850 2319 943 2400 pluri-

158 2441 277 2483 marum
298 2443 397 2483 rerum
412 2423 532 2505 agitatio
550 2419 701 2506 frequens,
728 2418 876 2485 nihil'effe
899 2423 943 2506 ig·

158 2539 265 2587 notum
284 2528 460 2609 patiebatur,
484 2549 576 2610 genus
596 2529 774 2611 quaestionis,
792 2532 872 2612 quod
891 2531 945 2590 ad·

158 2629 222 2694 fero
236 2634 273 2693 ad
286 2644 327 2707 te,
349 2645 401 2693 aut
415 2653 475 2694 non
492 2631 558 2695 satis
573 2634 688 2709 tritum,
711 2647 763 2696 aut
783 2635 874 2695 etiarn
897 2634 944 2695 in-

159 2751 315 2822 expertum
348 2736 445 2800 fuiffe.
489 2739 559 2802 Hoc
587 2742 617 2803 &
646 2762 701 2823 ego
725 2738 898 2813 excusatior,
924 2737 945 2799 sr

156 2842 233 2907 forte
247 2840 313 2906 sum
326 2842 435 2926 lapsus,
458 2845 489 2908 &
507 2858 540 2908 tu
554 2847 671 2928 dignior
693 2845 792 2919 laude,
816 2842 942 2925 sr¹potes

158 2951 189 3015 id
200 2967 319 3034 quoque
329 2951 444 3024 docere,
465 2946 545 3033 quod
559 2951 591 3012 in
605 2949 728 3012 obscuro
742 2948 794 3024 est,
814 2969 853 3010 an
867 2949 945 3011 didi-
