2317 3767
421 283 689 333 evreux.
885 262 988 350 ⁴43⁵

151 423 265 498 derare,
288 426 383 487 aedem
410 425 520 497 Matris
540 425 632 488 desim
652 420 809 486 transferre
822 423 855 486 in
867 444 947 500 eam,

21 529 27 611 J
84 595 89 605 „
151 549 220 612 quae
233 529 274 595 est
288 532 549 606 accommodatior,
579 552 634 593 nec
660 542 690 591 te
712 543 845 605 moveat,
865 531 945 614 quod

153 633 202 697 lex
228 635 432 698 declinationis
457 637 541 698 nulla
566 635 720 719 reperitur,
750 655 820 697 cum
852 634 946 703 solum

153 739 313 820 peregrinae
336 740 463 807 civitatis
485 762 578 824 capax
599 763 660 805 uon
682 739 716 805 fit
744 740 947 816 dedicationis,

152 865 221 927 qvae
235 845 269 911 fit
284 845 469 931 nostrojure.

268 1075 325 1118 Lx.
364 1075 397 1118 C.
429 1075 576 1119 PLINIUS
599 1076 658 1119 Tu.
688 1077 767 1127 lMP.
797 1078 826 1125 S.

152 1219 289 1333 Dium
315 1266 543 1350 Dominoque
566 1265 683 1335 servasti
697 1268 858 1351 imperium
870 1270 945 1335 dum

151 1370 279 1453 suscipis,
305 1388 416 1454 quanta
442 1373 562 1436 mereris
587 1373 691 1441 laetitia
714 1374 944 1448 celebravimus,

153 1478 261 1557 precati
275 1479 357 1552 deos,
375 1491 408 1549 ut
429 1490 458 1540 te
473 1479 572 1561 generi
594 1479 730 1546 humano
745 1479 842 1563 (cujus
852 1479 945 1543 tutela

150 1581 183 1647 ἃ
216 1580 352 1645 securitas
378 1581 463 1647 saluti
488 1597 547 1647 tuae
568 1582 663 1647 innisa
685 1581 737 1662 est)
760 1584 944 1651 ineolumem

153 1686 367 1770 florentemque
388 1687 591 1771 praestarenm
613 1689 790 1757 Praeivimus
813 1690 845 1753 ἃ
858 1710 942 1754 com-

151 1793 337 1859 militonibus
347 1793 559 1877 jusjurandum
575 1816 659 1860 move
679 1794 791 1863 solenni
805 1793 943 1879 presan.

151 1899 242 1973 tibus,
263 1900 294 1962 δι
312 1900 554 1981 provincialibus,
582 1899 633 1983 qui
661 1901 766 1964 eadem
791 1913 940 1967 certarunt

149 2003 269 2088 pietate,
285 2004 468 2088 jurantibus.

312 2208 314 2211 ’
357 2235 435 2280 ικι.
469 2234 527 2278 τι.
556 2233 685 2281 sumto
709 2235 737 2278 s.

156 2375 345 2505 Qunurn
370 2425 512 2507 religione
532 2448 567 2493 ac
595 2428 698 2495 laetitia
721 2426 940 2494 commilitones

152 2547 223 2591 cum
243 2528 474 2609 provincialibus
489 2543 519 2593 te
537 2546 698 2615 praeeunte,
722 2533 803 2596 diem
825 2533 942 2615 imperii

152 2633 213 2695 mei
226 2633 452 2710 celebraverint,
465 2636 591 2701 libenter
615 2638 658 2700 mi
674 2636 806 2703 Secunde
831 2637 939 2700 cariffi·

151 2759 201 2801 me
214 2739 340 2822 cognovi
354 2739 446 2806 literis
460 2741 530 2803 tuis.
