2317 3767
425 244 615 321 ar'aaa
662 275 716 323 vr.
901 276 960 343 245

251 538 331 584 tttx.
368 539 401 583 C.
426 539 574 584 PLINIUS
600 541 736 587 NEPOTI
766 542 833 591 SUO
856 543 884 589 S.

176 685 275 799 Sem
288 746 321 795 tu
335 732 475 797 acceffille
488 733 617 816 pretium
626 733 718 816 agris,
733 732 878 822 praecipue
889 734 959 801 sub·

168 840 298 901 urbanis.
343 837 444 902 Causa
474 837 577 903 subitae
608 840 749 914 caritatis,
783 861 831 902 res
855 841 958 903 multis

167 946 276 1027 agitata
300 942 494 1020 sermonibus,
530 945 674 1027 proximis
699 945 828 1008 comitiis
850 943 957 1011 hones·
1021 950 1025 958 '

166 1046 288 1130 tissimas
296 1069 384 1110 voces
392 1049 510 1111 Senatui
521 1049 670 1133 expreffrt:
689 1051 843 1114 Candidati
850 1075 956 1115 necan-

164 1152 314 1228 vr'ventur,
332 1176 364 1214 ne
384 1153 498 1217 mittant
517 1178 646 1230 munera,
667 1178 700 1217 ne
718 1155 852 1239 pecunias
874 1160 955 1242 depo-

165 1273 246 1321 nant.
285 1257 333 1321 Ex
346 1259 456 1342 quibus
480 1260 541 1322 duo
554 1259 653 1341 priora
676 1273 739 1322 tam
753 1271 852 1342 aperte
864 1282 956 1345 quam

165 1364 326 1429 immodice
358 1364 490 1427 fiebant:
517 1365 586 1428 .hoc
619 1365 753 1440 tertium,
784 1386 954 1448 quanquam

164 1470 371 1545 occultaretur,
396 1490 450 1552 pro
473 1482 626 1553 comperto
653 1471 828 1534 habebatur.
885 1469 955 1534 Ho-

164 1575 265 1636 mulus
288 1575 395 1637 deinde
413 1574 509 1638 noster
532 1576 690 1658 vigilanter
711 1573 779 1639 usus
801 1575 860 1636 hoc
881 1594 954 1637 con-

164 1676 247 1740 sensu
258 1680 394 1755 Senatus,
406 1679 556 1742 sententiae
566 1682 633 1742 loco
641 1678 809 1763 postulavit,
823 1691 856 1742 ut
868 1679 954 1745 Con-

163 1781 240 1846 sules
266 1782 441 1847 desiderium
465 1783 669 1848 universorum
694 1798 800 1847 notum
824 1784 953 1869 Principi

162 1886 303 1964 facerent,
319 1901 508 1973 peterentque
521 1890 593 1952 ficut
611 1889 677 1952 aliis
699 1890 779 1952 vitiis
792 1891 861 1955 huic
875 1914 951 1976 quo·

161 2017 219 2078 que
256 1996 442 2078 providentia
473 1995 523 2058 sua
563 2007 738 2058 occurreret.
797 1993 947 2062 Occurrit.

160 2100 247 2164 Nam
256 2099 390 2184 sumptus
400 2101 638 2177 candidatorum,
659 2096 757 2165 foedos
776 2101 844 2164 illos
857 2104 888 2166 bt
901 2105 949 2167 in-

159 2203 255 2268 fames
269 2207 400 2269 ambitus
422 2207 486 2289 lege
506 2206 663 2269 restrinxit.
708 2205 835 2271 Eosdem
859 2211 950 2291 patri-

161 2312 256 2374 monii
269 2313 386 2375 tertiam
397 2325 513 2394 partem
523 2307 657 2374 conferre
666 2311 748 2395 juffit
775 2312 808 2374 in
832 2335 867 2375 ea
880 2336 949 2399 quae

160 2412 222 2476 solo
235 2417 465 2493 continerentur,
482 2412 615 2480 deforme
627 2418 785 2485 arbitratus
807 2419 854 2502 (ut
871 2417 945 2497 erat)

158 2522 304 2583 honorem
332 2523 486 2604 petituros,
512 2524 631 2598 urbem,
664 2521 854 2607 Italiamque,
884 2546 946 2588 non

158 2649 213 2711 pro
231 2628 335 2709 patria,
361 2626 410 2689 sed
433 2648 488 2710 pro
509 2626 645 2711 hospitio,
665 2641 718 2691 aut
738 2629 852 2692 stabulo
865 2629 945 2710 quast
975 2704 978 2720 ¹

159 2733 377 2816 peregrinantes
390 2733 510 2795 habere.
542 2732 732 2798 Concursant
749 2753 819 2816 ergo
840 2734 944 2797 candi-

156 2839 219 2899 dati
235 2838 383 2912 certatim,
408 2820 549 2921 quicquid
563 2839 669 2902 venale
682 2839 819 2913 audiunt,
834 2838 943 2922 empti·

156 2955 239 3005 tant:
267 2954 301 3004 ut
324 2941 379 3004 smt
399 2962 517 3028 quoque
538 2944 625 3025 plura
644 2944 773 3021 venalia,
798 2941 940 3009 efficiunt.
