2317 3767
308 366 310 369 ¹
399 312 692 359 urarnvr.
912 309 968 376 251

183 452 265 516 noli'e
276 454 375 516 debes.
420 453 471 517 Est
485 454 565 516 enim
579 453 726 537 probitate
740 473 872 531 morum,
888 453 971 537 inge-

184 559 228 620 nii
253 558 408 639 elegantia,
443 579 566 641 operum
592 560 733 622 varietate
761 558 969 622 monstrabilis.

185 661 302 747 Scripfit
324 665 515 727 mimiambos
537 664 676 739 tenuiter,
700 678 813 748 argute,
839 662 970 740 venuste,

185 768 272 850 atque
297 770 328 830 in
344 771 402 832 hoc
423 790 528 851 genere
550 769 793 852 eloquentiffime.
838 769 973 833 Nullum

181 871 226 933 est
239 875 320 935 enim
330 895 435 957 genus,
449 876 528 956 quod
543 872 723 950 absolutum,
740 895 800 936 non
811 874 895 957 possit
909 875 972 937 elo-

184 978 406 1060 quentiffimum
434 980 505 1040 dici.
551 977 667 1061 Scripsit
693 980 868 1054 comoedias,
898 981 971 1044 Me·

184 1084 345 1159 nandrum,
377 1081 505 1164 aliosque
527 1083 621 1144 aetatis
641 1081 772 1166 ejusdem
801 1087 970 1148 aemulatus.

187 1186 272 1249 Licet
283 1190 337 1248 has
348 1187 424 1249 inter
434 1186 589 1248 Plautinas
597 1184 852 1271 Terentianasque
865 1211 972 1253 nume·

186 1311 242 1352 res.
287 1291 383 1355 Nunc
397 1291 529 1375 primum
540 1290 568 1353 se
588 1292 619 1352 in
630 1305 728 1353 vetere
742 1295 902 1370 comoedia,
924 1295 973 1358 sed

183 1417 246 1460 non
261 1409 403 1481 tanquam
423 1397 575 1480 inciperet,
591 1396 735 1458 ostendit:
769 1416 830 1458 nnn
849 1398 894 1463 illi
915 1400 973 1474 vis,

183 1523 245 1564 non
269 1503 432 1584 granditas,
453 1523 513 1565 non
534 1501 691 1577 subtilitas,
718 1523 779 1564 non
794 1503 971 1579 amaritudo,

184 1627 246 1668 non
271 1609 407 1683 dulced0,
431 1628 493 1670 non
512 1608 594 1690 lepos
616 1603 723 1670 defuit.
768 1605 900 1671 Omavit
913 1608 973 1671 vir-

184 1723 274 1787 tutes,
289 1712 444 1775 insesiatus
452 1713 492 1775 est
500 1714 584 1788 vitia,
596 1713 673 1776 fislis
687 1713 973 1782 nominibusdecen-

185 1830 240 1892 ter,
269 1817 346 1878 veris
362 1815 428 1878 usus
443 1817 483 1878 est
497 1830 573 1900 apte.
618 1816 711 1880 Circa
724 1839 774 1879 me
787 1830 904 1881 tantum
918 1821 972 1882 be·

181 1923 327 2004 nignitate
335 1923 429 1984 nimia
438 1924 563 1983 modum
576 1921 703 1996 excessit,
719 1922 772 1985 nist
779 1926 858 2006 quod
872 1938 972 1988 tamen

165 2084 175 2101 1.
185 2031 281 2110 politis
295 2028 414 2090 mentiri
436 2028 517 2089 licet.
562 2027 600 2091 ln
616 2027 732 2089 summa
751 2031 972 2113 extorqueboei

183 2135 305 2210 librum,
314 2134 541 2216 legendumque,
552 2134 648 2195 immo
659 2133 845 2198 ediscendum
854 2136 972 2200 mittam

184 2239 248 2301 tibi.
293 2237 404 2322 Neque
418 2239 499 2301 enim
514 2240 619 2301 dubito
633 2235 781 2316 futurum,
797 2253 905 2304 utnon
920 2243 972 2304 de-

184 2362 287 2426 ponas,
303 2340 323 2402 fi
338 2341 428 2405 semel
440 2342 605 2427 sumpseris.
653 2342 740 2407 Vale.

261 2573 360 2618 xx11.
388 2542 426 2619 s.
449 2574 596 2618 surmus
618 2572 757 2619 rraotu
781 2574 849 2620 suo
867 2576 895 2618 s.

180 2717 360 2828 Macrin
383 2785 429 2825 res
443 2763 509 2826 aeta
523 2764 563 2826 est
576 2765 726 2841 omnium,
751 2765 803 2847 qui
817 2763 885 2827 sunt
902 2787 971 2848 pro-

180 2869 289 2931 ·vinciis
304 2867 470 2952 praefuturi,
495 2890 604 2952 magna
618 2871 766 2944 omnium,
791 2869 842 2952 qui
860 2867 888 2931 se
902 2868 971 2932 fim-

182 2974 298 3056 pliciter
318 2975 442 3037 credunt
467 2975 581 3036 amicis.
602 2997 603 3002 ¹
628 2974 778 3037 Lustricus
797 2972 971 3038 Bruttianus
