2317 3767
381 299 571 348 urerer
618 301 698 349 vu.
877 281 938 368 283

170 442 220 506 Sic
233 441 373 506 hominum
387 442 527 527 ingenium
539 442 636 530 flesti,
657 442 774 527 ducique
782 457 839 527 per
850 453 927 504 artes

215 546 281 611 Non
297 548 406 631 rigidos
420 551 502 613 dotia
516 549 669 613 mobilitate
681 550 768 611 decet.

154 653 259 738 ltaque
283 653 392 716 summi
414 668 556 731 oratores,
580 653 690 716 summi
716 655 807 716 etiarn
826 653 883 715 viri
902 651 940 716 src

149 757 178 821 se
199 774 250 823 aut
263 764 450 835 exercebant,
472 772 524 822 aut
545 760 752 822 deletlabant:
770 758 868 822 immo
885 761 938 821 de·

149 865 308 941 lestabant,
340 867 583 948 exercebantque.
631 863 719 928 Nam
747 865 858 927 mirum
884 863 936 938 eu,

149 983 182 1032 ut
195 971 242 1033 his
257 970 403 1054 opusculis
418 970 536 1057 animus
555 971 736 1046 intendatur,
756 971 938 1034 remittatur-

148 1097 217 1157 que.
261 1075 422 1158 Recipiunt
443 1077 525 1138 enim
539 1096 667 1150 amores,
683 1076 835 1150 odia,iras,
850 1074 938 1138 mise-

149 1182 319 1257 ricordiam,
336 1182 545 1255 urbanitatem,
561 1180 664 1245 omnia
677 1180 816 1262 denique,
827 1181 940 1263 quaein

149 1289 211 1349 vita
230 1301 318 1371 atque
344 1287 434 1348 etiam
456 1286 488 1347 in
510 1284 576 1348 soro
601 1284 747 1367 causrsque
771 1284 933 1349 versantur.

150 1391 228 1454 Inest
253 1393 301 1454 his
315 1412 434 1476 quoque
458 1394 563 1453 eadem
578 1412 647 1475 quae
668 1389 734 1452 aliis
756 1390 937 1455 carminibus
1041 1447 1045 1456 .

147 1498 270 1574 utilitas,
296 1500 376 1580 quod
393 1498 479 1559 metri
499 1496 664 1559 necessitate
689 1495 819 1558 devincti
843 1493 938 1560 soluta

147 1603 279 1665 oratione
304 1605 452 1678 laetamur,
475 1603 505 1665 δι
524 1605 605 1685 quod
626 1599 744 1664 facilius
758 1599 826 1676 esse,
852 1618 937 1663 com·

147 1707 260 1789 paratio
286 1708 421 1784 ostendit,
458 1708 598 1770 libentius
622 1706 788 1771 scribimus.
832 1706 937 1771 Habes

146 1815 233 1896 plura
261 1813 351 1874 etiam
374 1810 490 1875 sortasse
507 1835 599 1896 quam
624 1813 812 1895 requirebas:
841 1832 937 1876 uuum

145 1933 246 1980 tamen
267 1917 362 1980 omisr.
406 1919 483 1981 Non
506 1920 588 1980 enim
613 1918 688 1993 dixi,
714 1939 783 2001 quae
811 1919 935 2002 legenda

145 2025 311 2101 arbitrarer,
336 2046 507 2108 quanquam
521 2024 596 2098 dixi,
622 2043 692 2085 cum
707 2023 847 2100 dicerem,
867 2045 935 2109 quae

145 2129 308 2193 scribenda.
353 2130 409 2194 Tu
432 2130 616 2206 memineris,
636 2128 679 2191 sui
692 2127 831 2214 cujusque
845 2148 933 2213 gene-

141 2238 183 2299 ris
217 2238 353 2300 audiores
381 2237 536 2318 diligenter
556 2236 674 2318 eligere.
719 2234 817 2320 Ajunt
840 2237 933 2312 enim,

144 2341 275 2405 Multum
294 2344 435 2425 legendum
446 2343 508 2428 ff,
530 2365 583 2403 non
597 2342 696 2404 multa.
741 2339 806 2425 Qui
820 2341 876 2405 srnt
889 2343 933 2418 hi,

146 2448 222 2508 adeo
235 2460 340 2510 notum
353 2461 605 2531 provocatumque
621 2446 674 2522 est,
699 2459 732 2509 ut
753 2446 934 2511 demonstra·

145 2551 228 2613 tione
243 2572 303 2613 non
317 2566 417 2634 egeat:
438 2553 469 2615 &
484 2553 593 2634 alioqui
608 2565 671 2615 tam
686 2552 847 2616 immodice
861 2550 934 2636 epis-

144 2657 207 2719 tola
221 2677 270 2717 me
294 2657 425 2732 extendi,
448 2670 482 2720 ut
506 2660 579 2720 dum
599 2658 654 2721 tibi
679 2658 935 2741 quemadmodum

145 2761 261 2824 studere
271 2762 389 2838 debeas,
400 2761 516 2839 suadeo,
528 2762 663 2826 studendi
673 2775 792 2846 tempus
807 2761 934 2825 abstule-

145 2867 216 2930 rim.
240 2866 327 2951 Quin
335 2887 404 2950 ergo
411 2870 570 2951 pugillares
581 2867 715 2943 resumis,
731 2869 762 2931 &
776 2867 888 2952 aliquid
898 2889 935 2933 ex

143 2974 202 3050 his,
216 2974 264 3036 vel
275 2972 349 3037 istud
361 2971 456 3056 ipsum
467 2976 548 3059 quod
556 2995 701 3058 coeperas,
711 2972 822 3036 scribis.
841 2971 930 3038 Vale.
1007 3060 1010 3068 Ι
