2317 3767
186 272 247 335 140
345 273 379 321 c.
405 272 815 335 rrrx.nr1sronnn.

182 436 252 481 rum
265 416 419 501 contigisse
432 415 545 501 scriptis
567 438 629 481 non
645 419 750 495 miror,
776 436 849 481 cum
866 416 979 481 oratio-

182 542 253 586 nem
278 518 380 585 meam
408 524 544 606 proxime
566 524 725 592 douiffimi
749 524 889 588 homines
917 523 979 586 hbe

182 627 290 704 studio,
309 629 368 691 hoc
382 627 506 705 assensu,
530 629 589 692 hoc
602 630 694 693 etiam
709 630 810 694 labore
823 650 875 715 per
888 629 978 692 bidu-

183 753 238 798 um
265 733 423 798 audierint.
469 733 623 819 Qramvis
646 735 845 799 intentionem
873 755 980 798 eorum

183 840 268 903 nulla
285 838 368 916 hinc,
396 841 428 904 δι
442 840 513 902 inde
527 837 660 917 collatio,
681 841 800 903 nullum
819 840 900 924 quast
913 860 978 903 cer-

184 957 286 1008 tamen
314 946 496 1008 accenderet.
540 940 628 1009 Nam
653 945 780 1023 Rhodii,
812 967 883 1010 cum
912 945 979 1031 ipsis

184 1050 355 1115 orationum
370 1049 542 1128 virtutibus,
567 1063 635 1115 tum
649 1052 740 1115 etiam
751 1050 981 1137 comparationis

185 1156 297 1220 aculeis
317 1156 543 1234 excitabantur:
569 1157 666 1221 nostra
688 1157 785 1221 oratio
804 1156 864 1221 fine
883 1178 980 1220 aemu-

185 1262 304 1326 lationis
327 1263 422 1346 gratia
446 1264 638 1347 probabatur.
682 1263 735 1328 An
760 1264 879 1341 merito,
908 1263 982 1327 scies

161 1419 164 1422 .
185 1388 257 1431 cum
270 1367 376 1451 legeris
390 1369 515 1446 librum,
537 1369 624 1453 cujus
646 1369 813 1454 amplitudo
838 1390 900 1433 non
914 1368 982 1432 finit

187 1494 238 1538 me
251 1474 386 1557 longiore
404 1473 524 1558 epistola
545 1476 703 1559 praeloqui.
747 1472 878 1559 Oportet
898 1475 982 1539 enim

187 1601 243 1644 nos
256 1580 288 1643 in
302 1581 359 1642 hac
372 1593 462 1655 certe,
487 1580 519 1641 in
529 1601 590 1663 qua
602 1579 768 1662 possumus,
786 1583 891 1644 breves
903 1579 979 1644 effe:

187 1706 249 1771 quo
273 1685 308 1748 fit
331 1682 508 1760 excusatius,
538 1688 620 1769 quod
643 1687 758 1750 librum
785 1685 893 1770 ipsum,
920 1705 983 1749 non

186 1805 286 1853 tamen
307 1790 387 1853 ultra
405 1789 501 1854 causae
515 1791 757 1874 amplitudinem,
779 1792 979 1855 extendimus.

189 1895 278 1959 Vale.
365 1933 369 1942 »

284 2127 343 2172 νι.
375 2126 410 2173 c.
434 2125 585 2173 nnmros
609 2125 748 2172 uasoxr
772 2109 840 2172 suo
866 2128 895 2171 s.

188 2267 357 2384 Tuoscr
380 2317 525 2403 grandine
546 2318 666 2397 excuffi,
686 2319 719 2383 in
733 2321 853 2403 regione
865 2315 983 2382 Trans„

183 2426 303 2509 ,padana
313 2423 431 2488 summa
444 2426 639 2501 abundantia,
662 2424 711 2488 sed
725 2445 831 2510 parum
847 2424 983 2487 utilitatis

190 2530 367 2595 nunciatum
392 2529 489 2594 solum
503 2531 580 2593 mihi
599 2529 820 2595 Laurentinum
834 2549 938 2593 meum
952 2530 985 2592 in

190 2638 299 2701 reditu.
343 2635 437 2702 Nihil
449 2638 572 2720 quidem
596 2637 638 2699 ibi
657 2636 786 2721 poffideo
803 2649 911 2720 praeter
922 2648 985 2697 tec-

192 2755 259 2808 tum
272 2743 304 2807 &
317 2742 451 2818 hortttm,
471 2741 627 2825 statimque
640 2763 757 2819 arenas,
772 2739 869 2805 solum
883 2753 985 2803 tamen

192 2851 319 2914 mihi-in
331 2850 438 2915 reditu.
478 2847 528 2914 Ibi
537 2850 620 2940 enirn
631 2849 797 2933 plurimum
809 2848 915 2926 scribo,
931 2857 993 2911 neo'

193 2974 299 3040 agrum
311 2976 403 3043 quem
421 2976 483 3021 non
502 2955 612 3034 habeo,
631 2955 681 3019 sed
697 2954 793 3040 ipsum
812 2975 863 3019 me
883 2953 985 3024 studiis
