2317 3767
309 270 312 275 ⁴
387 235 668 314 'trusum
861 257 920 322 411

275 533 308 573 X·
347 530 381 575 C·
405 531 550 575 PLINIUS
571 530 629 574 ΤΒ.
653 529 734 574 IMP.
756 529 786 572 S.

146 673 351 786 Srnvrrrus
382 722 502 784 Pudens
530 723 641 803 legatus
671 719 808 784 Domine
835 737 921 784 vrrs.

136 825 209 890 Cal.
225 827 372 890 Decemb.
385 827 599 911 Nicomediam
610 826 703 899 venit,
713 845 821 908 meque
828 823 925 905 longae

135 931 348 1014 expediationis
363 928 545 992 solicitudine
560 929 707 993 liberavit.
727 983 728 989 ,

154 1144 158 1149 ’
265 1157 797 1202 x1.c.riru1usrn.rur>.s.
872 1142 873 1145 ’

139 1276 364 1388 Rosrnuuu
388 1326 569 1410 Geminum,
594 1326 921 1401 nominenumine

135 1431 257 1492 vinculo
281 1452 402 1494 mecum
420 1446 471 1499 tua
485 1434 516 1494 in
530 1453 580 1494 me
593 1430 735 1494 beneficia
744 1430 920 1514 junxerunt.

134 1533 240 1597 Habui
253 1537 334 1597 enim
349 1539 434 1599 illum
449 1536 623 1620 quaestorem
637 1536 669 1598 in
683 1533 846 1609 consulatu,
862 1537 922 1597 mei

134 1637 250 1700 summe
260 1640 544 1703 observantiffimum
555 1652 713 1722 expertus:
735 1650 850 1701 tantam
862 1640 921 1702 mi-

134 1744 166 1805 bi
181 1744 243 1826 post
257 1744 440 1807 consulatum
452 1746 645 1807 reverentiam
659 1744 785 1826 praestat,
798 1757 832 1806 ut
844 1746 921 1827 pub-

133 1850 200 1912 licae
228 1849 441 1912 neceffitudinis
471 1851 603 1932 pignora,
639 1849 761 1932 privatis
787 1850 920 1910 cumrdet

132 1953 249 2018 officiis.
295 1954 382 2038 Rogo
404 1976 474 2038 ergo
495 1967 528 2016 ut
550 1955 601 2038 ipsr
621 1957 699 2036 apud
713 1966 743 2014 te
756 1974 810 2036 pro
823 1953 919 2036 digni-

132 2072 192 2122 tate·
205 2061 281 2145 ejus,
304 2061 439 2143 precibus
454 2057 666 2122 meisfaveas:
690 2059 749 2134 cui,
771 2060 801 2120 ἃ
826 2056 919 2141 fiquid

133 2166 238 2240 credis,
272 2166 486 2248 indulgentiam
512 2178 596 2226 tuam
625 2164 720 2238 dabis,
754 2163 836 2226 dabit
860 2162 920 2246 ipse

133 2289 264 2350 operam,
286 2271 369 2332 utin
388 2270 435 2333 his
456 2291 523 2353 quae
541 2271 567 2331 ei
585 2269 784 2344 mandaveris,
807 2268 921 2354 majora

60 2385 62 2388 ’
133 2388 288 2436 mereatur.
333 2375 501 2436 Parciorem
526 2395 576 2436 me
605 2374 636 2435 in
660 2375 810 2435 laudando
834 2370 917 2449 facit,

131 2479 210 2558 quod
224 2475 306 2559 spero
325 2480 379 2540 tibi
394 2480 424 2542 δι
438 2479 636 2559 integritatem
646 2477 722 2561 ejus,
744 2479 775 2539 δι
788 2479 919 2560 probita·

135 2592 208 2655 tem,
230 2582 261 2643 ἃ
282 2581 453 2644 industriam
472 2602 533 2644 non
555 2581 651 2644 solum
665 2604 703 2644 ex
718 2583 781 2665 ejus
795 2579 917 2644 honori-

134 2688 201 2760 bus,
222 2706 297 2768 quos
311 2686 342 2746 in
360 2688 432 2747 urbe
443 2685 495 2749 sub
508 2687 602 2749 oculis
614 2688 674 2749 tuis
701 2685 792 2770 geffit,
814 2707 918 2748 verum

132 2791 221 2852 etiam
246 2811 283 2851 ex
308 2790 483 2852 commilitio
518 2790 574 2853 effe
597 2790 787 2853 notissimam.
835 2791 917 2855 Illud
937 2774 943 2784 ¹

132 2917 236 2971 unum,
270 2898 351 2979 quod
376 2909 494 2978 propter
514 2897 667 2960 caritatem
688 2897 752 2980 ejus
781 2901 916 2960 nondum
