2317 3767
163 433 252 505 ·Cr
296 373 553 504 PLINll
608 430 931 502 CAECILII

434 641 719 688 SECUNDI

180 810 959 892 EPISTOLARUM

335 1024 500 1069 uraca
545 1021 817 1085 Quiricus.

178 1215 209 1260 1.
257 1214 291 1260 C·
322 1214 468 1258 PLINIUS
494 1210 684 1261 SECUNDUS
708 1211 856 1258 FABATO
880 1206 966 1258 no·

403 1319 541 1365 socho
571 1317 639 1363 SUO
667 1318 696 1361 S.

176 1442 313 1555 Culus
340 1489 404 1575 post
428 1492 553 1575 longum
579 1502 698 1575 tempus
722 1503 843 1575 neptem
871 1499 966 1566 tuam,

170 1618 279 1681 meque
293 1618 354 1659 una
367 1598 479 1660 videre.
503 1596 638 1663 Gratum
652 1597 693 1660 est
704 1594 821 1681 utrique
835 1593 968 1658 nostrum

170 1703 254 1784 quod
264 1702 357 1785 cupis,
373 1707 481 1766 m'utuo
496 1724 544 1765 me
564 1703 695 1767 hercule.
739 1703 827 1768 Nam
838 1701 969 1765 invicem

171 1828 230 1870 nos
249 1808 381 1871 increbili
400 1810 532 1892 quodam
554 1807 695 1871 defiderio
713 1807 800 1870 vestri
819 1819 967 1882 tenemur,

169 1915 253 1999 quod
268 1933 330 1976 non
353 1913 431 1976 ultra
456 1910 642 1977 differemus.
686 1911 788 1997 Atque
805 1914 872 1998 jam
890 1914 969 1976 adeo

169 2019 331 2082 sarcinulas
346 2019 549 2102 alligavimus,
572 2015 738 2082 festinaturi
756 2033 903 2105 quantum
918 2018 967 2082 iti-

170 2126 252 2188 neris
263 2126 339 2188 ratio
348 2123 523 2210 permiserit.
569 2124 636 2188 Erit
643 2146 715 2201 una,
727 2123 776 2189 sed
790 2117 889 2188 brevis
900 2140 967 2189 mo·

170 2247 223 2293 ra:
255 2230 449 2314 defleciemus
476 2232 507 2294 in
538 2229 691 2306 Thusc0s‚
715 2251 776 2297 non
805 2245 840 2296 ut
868 2250 966 2314 agros,

173 2355 295 2419 remque
310 2332 490 2400 familiarem
504 2338 599 2399 oculis
618 2333 807 2422 subjiciamus
827 2339 870 2422 (id
885 2339 967 2401 enim

173 2439 307 2524 postponi
325 2438 429 2525 potest)
444 2441 493 2503 sed
508 2454 542 2504 ut
555 2439 718 2526 fungamur
737 2442 896 2507 necessario
919 2441 969 2508 of-

176 2545 255 2610 ficio.
300 2545 457 2631 Oppidum
482 2546 523 2609 est
552 2547 671 2633 praediis
693 2547 798 2611 nostris
818 2548 964 2612 vicinum.

174 2650 302 2716 Nomen
314 2648 492 2715 Tifemium
505 2650 711 2737 Tyberinum,
732 2656 813 2738 quod
829 2674 878 2717 me
891 2673 967 2736 pene

173 2758 272 2821 adhuc
289 2777 415 2841 puerum
429 2771 591 2841 patronum
604 2760 771 2844 cooptavit:
795 2770 879 2823 tanto
900 2778 966 2820 ma·

168 2862 237 2946 jore
265 2862 371 2939 studit),
396 2878 516 2948 quanto.
538 2865 655 2928 minore
679 2865 795 2950 judicio
822 2865 967 2928 adventus

173 2988 257 3030 meus
270 2968 410 3045 celebrat,
431 2966 667 3052 profetlionibus
687 2970 817 3054 angitur,
843 2969 967 3033 honori·

548 3072 753 3154 K4‘
