2317 3767
314 328 316 333 ,
402 297 667 351 cruror.
825 287 934 372 frog

139 439 257 510 habet(
301 442 352 509 In·
365 438 483 508 summa
509 445 726 532 cryptoporticu
750 445 934 524 cubiculum,

138 570 178 614 ex
191 550 252 636 ipsa
265 550 483 635 cryptoporticu
503 550 646 630 excisum,
668 552 750 637 quod
773 552 934 636 hippodro·

2 662 3 667 ’
139 674 239 733 mum,
255 655 371 731 vineas,
398 669 516 720 montes
538 658 681 722 intuetur.
725 656 868 743 Jungitur
881 678 935 723 cu-

140 762 275 823 biculum
297 756 423 825 obvium
441 759 495 824 soli
514 763 648 826 maxime
661 765 806 848 hyberno.
850 762 935 829 Hinc

2 870 3 947 l
107 894 111 899 ¹
140 865 234 928 oritur
247 865 348 943 diaeta,
368 886 437 949 quae
450 868 532 930 villae
545 868 777 953 hippodromum
791 871 932 935 adnectit.

141 967 219 1034 Haec
229 968 332 1047 facies,
349 972 400 1034 hic
413 970 493 1035 visus
518 971 537 1035 ai
557 970 671 1052 fronte,·
691 976 709 1038 ai
730 977 821 1040 latere
835 976 936 1041 aestiva

96 1092 97 1095 ’
140 1077 372 1160 cryptoporticus
387 1077 419 1138 in
433 1077 513 1141 edito
527 1078 628 1161 potita,
653 1100 721 1164 quae
735 1102 796 1144 non
810 1081 935 1166 aspicere

140 1182 256 1258 vineas,
282 1181 329 1245 led
344 1196 463 1266 tangere
481 1183 611 1246 videtur.
657 1183 696 1248 ln
722 1187 821 1248 media
841 1188 935 1250 tricli-

139 1285 470 1351 niumsaluberrimum
482 1286 618 1350 afflatum
632 1308 670 1351 ex
689 1287 857 1373 Apenninis
869 1293 934 1355 val-

141 1395 221 1457 libus
241 1393 355 1477 recipit.
399 1392 468 1457 Post
491 1393 636 1457 latissimis
668 1391 798 1456 fenestris
820 1396 934 1472 vineae,

141 1499 238 1563 valvis
266 1520 350 1583 aeque
378 1500 492 1579 vineas,
529 1499 578 1562 sed
606 1523 659 1585 per
683 1500 935 1584 cryptoporticum

111 1628 117 1645 ⁶
143 1604 225 1689 quafi
238 1606 385 1681 admittit,
402 1608 420 1669 t
436 1607 526 1669 latere
546 1607 678 1683 triclinii,
701 1608 789 1691 quod'
803 1603 936 1669 fenestris

116 1722 235 1787 ·caret,·
259 1708 345 1775 scalae
359 1711 498 1774 convivio
522 1713 620 1789 utilia,
650 1712 800 1777 secretiore
818 1711 934 1776 ambitu

143 1814 311 1898 suggerunt.
357 1816 395 1880 ln
421 1815 481 1880 fine
503 1819 687 1894 cubiculum,
713 1819 761 1881 cui
790 1840 852 1882 non
874 1818 932 1881 mi-

142 1922 200 1984 nus
208 1922 378 2006 jucundum
395 1921 586 2006 prospectum
609 1925 840 2006 cryptoporticus
860 1923 933 2007 ipsa,

143 2048 235 2110 quam
259 2028 357 2091 vineae
382 2029 527 2111 praebent.
570 2026 674 2091 Subest
701 2028 932 2112 cryptoporticus

142 2130 337 2196 subterraneae
347 2132 462 2209 srmilis3
485 2132 583 2197 testate
596 2132 709 2203 incluso
716 2130 825 2217 frigore
839 2134 931 2216 riget:

143 2251 339 2323 conuentaque
363 2238 432 2302 tire
458 2237 512 2302 suo
532 2259 587 2302 nec
612 2239 752 2302 desiderat
774 2259 860 2301 auras
880 2259 934 2302 nec

144 2344 287 2407 adrrrittit.
306 2394 308 2397 .
331 2343 400 2408 Post
414 2357 570 2428 utramque
583 2344 843 2429 cryptoporticum,
856 2346 935 2406 unde

145 2448 309 2512 triclinium
336 2446 451 2526 definit,
477 2449 579 2533 incipit
598 2450 750 2533 porticus:
778 2461 847 2513 ante
874 2470 936 2512 me·

146 2553 231 2617 dium
263 2555 356 2630 diem,
380 2555 531 2638 hyberna:
559 2555 702 2618 inclinato
729 2557 788 2631 die,
812 2555 932 2618 aesiiva:

146 2659 204 2724 hac
219 2661 367 2723 adeuntur
379 2658 477 2723 diaetae
490 2662 570 2737 ditae,
593 2680 722 2745 quarum
733 2661 765 2724 in
779 2661 870 2724 altera
883 2679 936 2722 cu·

146 2765 246 2829 bicula
259 2777 398 2850 quatuor,
414 2767 505 2829 altera
523 2763 592 2844 tria,
619 2778 653 2829 ut
676 2765 780 2829 circuit
800 2762 854 2841 sol,
885 2774 937 2826 aut

146 2870 207 2937 sole
216 2874 353 2948 utuntur,
379 2874 558 2936 autumbta.
603 2867 695 2935 Hanc
707 2866 935 2953 dispositionem,

147 2978 413 3061 amoenitatemque
434 2977 585 3042 tectorum
607 2976 695 3059 longe
713 2974 852 3060 praeeedit
870 2972 937 3061 hip-
