2317 3767
226 241 267 329 68
381 261 845 310 c.ra1u.a1³1sr0uaa.

227 419 376 488 natorum.
420 404 580 482 Cornutus>
600 404 759 470 Tertullus
779 404 890 469 censuit
907 404 1013 475 ordine

229 514 431 593 movendum:
459 511 572 574 acutius
592 511 709 588 Nerva,
729 512 762 573 in
775 509 924 574 sortitione
943 531 1013 594 pro-

229 618 334 703 pinciae
346 617 491 680 rationem
502 616 565 700 ejus
580 637 642 679 non
654 618 843 680 habendam:
865 637 932 700 quae
946 614 1011 676 sen-

227 722 331 804 tentia,
352 737 494 805 tanquam
516 722 628 798 mitior,
646 722 736 785 vicit.
781 720 865 785 Cum
880 721 914 783 fit
935 721 1012 781 alio-

227 828 279 910 qui
311 828 412 900 durior
441 826 616 910 tristiorque.
661 827 746 911 Quid
770 829 853 890 enim
877 824 1012 889 miserius

227 952 319 1017 quam
341 933 477 996 exedium
492 934 529 996 ⁴&
551 946 724 1016 exemptum
746 933 908 996 honoribus
929 930 1013 994 sena-

227 1038 322 1115 toriis,
353 1040 507 1103 labore&
533 1038 664 1101 molestia
694 1060 756 1101 non
784 1040 904 1101 carere?
939 1040 1012 1123 quid

227 1144 357 1228 gravius,
377 1165 469 1229 quam
489 1158 571 1208 tanta
593 1145 756 1227 ignominia
773 1142 926 1221 affeetum,
949 1165 1012 1207 non

227 1251 258 1322 in
269 1249 423 1334 solitudine
436 1253 547 1313 latere?
578 1250 625 1312 sed
637 1252 670 1313 in
683 1253 739 1313 hac
748 1248 883 1312 altiffima
896 1247 1012 1331 specula

227 1354 464 1439 conspiciendum
494 1355 522 1418 se
548 1355 829 1438 monstrandumque
856 1355 1010 1437 praebere?

227 1460 477 1546 Praetereaquid
501 1461 618 1544 publice
637 1461 737 1523 minus
762 1473 814 1523 aut
834 1479 1013 1541 congruens,

227 1581 279 1652 aut
303 1568 466 1630 decorum?
498 1578 635 1628 notatum
661 1568 679 1629 a
708 1564 818 1628 Senatu
843 1564 874 1626 in
900 1564 1011 1627 Senatu

184 1653 186 1660 ¹
226 1669 343 1746 sedere?
377 1669 497 1756 ipsisque
525 1671 596 1745 illis,
628 1659 782 1754 aquibus
817 1668 851 1731 fit
879 1682 1010 1746 notatus,

226 1778 360 1868 aequari?
383 1774 567 1839 summotum
581 1778 599 1858 a
613 1774 835 1851 proconsulatu,
852 1775 922 1858 quia
936 1774 965 1836 se
979 1776 1012 1837 in

226 1883 371 1967 legatione
406 1883 529 1967 turpiter
558 1880 691 1965 gefferat,
722 1883 759 1942 de
785 1878 1013 1942 Proconsulibus

161 1983 163 1988 ’
214 1987 377 2074 judicare?
401 1989 635 2071 damnatumque
650 1985 790 2061 sordium,
809 1987 857 2047 vel
871 1987 1012 2048 damnare

226 2096 300 2158 alios
325 2095 374 2157 vel
396 2091 565 2164 absolvere?
600 2092 656 2159 Sed
680 2092 737 2156 hoe
755 2091 890 2175 pluribus
915 2088 1011 2153 visum

226 2199 277 2263 est.
320 2199 530 2264 Numerantur
552 2198 635 2260 enim
660 2190 825 2272 sentendae,'
850 2215 911 2258 non
935 2215 1011 2278 pon-

226 2307 384 2391 derantur:
407 2324 462 2366 nec
485 2304 565 2376 aliud
585 2305 617 2383 in
638 2302 758 2386 publico
780 2300 899 2378 consilio
919 2298 1011 2383 potest

225 2410 302 2487 fieri,
337 2410 369 2472 in
398 2430 460 2493 quo
482 2409 558 2471 nihil
588 2408 627 2470 est
649 2420 711 2470 tam
735 2406 891 2489 inaequale,
918 2424 1011 2488 quam

225 2516 378 2601 aequalitas
393 2514 463 2599 ipsa.
507 2513 594 2577 Nam
609 2534 678 2576 cum
692 2513 726 2575 stt
739 2513 835 2595 impar
843 2509 1010 2594 prudentia,

224 2643 277 2705 par
291 2621 428 2702 omnium
438 2620 489 2703 jus
504 2619 554 2681 est.
601 2618 730 2702 Implevi
744 2615 931 2701 promitlum,
951 2615 1010 2698 pri-

224 2726 338 2813 orisque
355 2724 483 2810 epistolae
504 2724 595 2786 fidem
609 2722 846 2807 exsolvi‚‘quam
865 2743 903 2784 ex
921 2720 1013 2804 spatio

223 2831 365 2916 temporis
391 2830 459 2914 jam
488 2828 623 2912 recepitle
648 2829 819 2911 recolligo.
870 2827 957 2891 Nam
981 2825 1011 2887 ἃ

187 2975 190 2982 ‹
224 2934 371 3022 festinanti
390 2933 569 3021 &diligenti
588 2934 742 2997 tabellario
763 2934 844 3012 dedi,
866 2932 920 2998 nifi
938 2930 1019 3015 quid¹
