2317 3767
208 262 268 346 146
367 285 400 330 c.
426 284 541 329 reru.
568 284 829 332 uersi-ocur.

202 424 310 488 rInhac
325 422 496 506 diffictutate
517 427 628 510 placuit
641 429 777 508 medium
793 426 942 514 quiddam
952 443 997 492 te·
1038 447 1042 452 ’

186 512 189 517 ⁸
204 551 285 593 nere.
305 529 418 593 Videor
424 531 559 593 tenuiiie.
580 530 743 597 Atlionem
752 555 864 610 meam,
878 549 912 598 ut
920 556 998 619 prae·

193 637 245 707 ,lia
266 634 349 711 solet,
373 656 434 697 nox
448 636 578 718 diremit.
604 636 733 720 Egeram
750 640 832 703 horis
845 642 953 718 tribus,
968 642 1001 704 &

205 742 341 818 dimidia,
352 741 498 826 supererat
506 741 702 826 sesquihorar
713 743 801 809 Nam
808 745 878 807 cu'm
890 746 1000 829 exlege

204 847 352 911 accusator
362 847 411 910 sex
419 849 520 924 horas,
529 869 639 911 novem
648 870 715 911 reus
725 849 887 933 accepisset,
900 851 997 915 itadi·

204 954 309 1017 viserat
320 967 454 1038 tempora
462 975 529 1017 reus
540 954 617 1016 inter
631 975 691 1030 me,
703 956 736 1018 δι’
742 975 824 1031 eum,
836 956 888 1039 qui
896 957 997 1020 dieiu*

204 1083 254 1124 rus
275 1060 426 1145 pollent,
445 1075 479 1124 ut
490 1080 544 1143 ego
558 1061 690 1145 quinque
704 1061 797 1136 horis,
812 1061 863 1122 ille
877 1061 999 1144 reliquis

132 1227 134 1231 .
203 1180 343 1230 uteretur.
386 1166 471 1229 Mihi
503 1164 645 1230 succeffus
673 1166 798 1229 aelionis
830 1165 990 1243 silentium,

167 1274 169 1279 ’
203 1271 354 1356 finemque
376 1270 526 1335 suadebat.
567 1270 782 1336 Temerarium
796 1271 836 1334 est
858 1271 994 1336 enimse-

137 1458 143 1467 ·
204 1378 309 1442 cundis
319 1399 380 1440 non
391 1377 448 1440 effe
458 1391 644 1441 contentum.
673 1376 724 1440 Ad
738 1379 796 1441 hoc
807 1380 939 1454 verebar,
955 1399 995 1440 ne

205 1504 278 1547 mox
286 1485 415 1568 corporis
423 1483 613 1546 viresiterato
621 1483 895 1559 laboredeficerent‚
903 1475 994 1567 quem

203 1588 352 1653 difficilius
362 1589 403 1650 est
413 1600 552 1671 repetere,
562 1589 796 1673 quamjungere.
820 1588 894 1652 Erat
902 1589 994 1651 etiarn

121 1705 124 1711 '
202 1697 378 1779 periculum,
401 1714 438 1755 ne
466 1693 580 1775 reliqua
606 1694 684 1757 aelio
709 1696 826 1758 mea&
845 1691 939 1777 frigus
961 1703 996 1756 ut

203 1787 341 1883 deposita,
353 1798 519 1868 &taedium
527 1811 559 1862 ut
574 1798 733 1884 resumpta,
745 1813 903 1884 pateretur.
949 1801 996 1866 Ut

203 1907 284 1969 enirn
309 1901 389 1969 faces
412 1905 512 1989 ignem
534 1905 647 1969 affidua
661 1906 846 1970 concussione
862 1897 993 1972 ¹culludi-

205 2024 271 2087 unt,
293 2010 445 2075 dimiffum
472 2012 625 2094 aegerrime
648 2026 804 2097 reparant:
835 2013 873 2075 fic
892 2015 923 2077 ἃ
946 2012 995 2076 di-
1026 2007 1029 2010 ’

202 2118 296 2180 centis
315 2119 407 2195 calor,
430 2120 461 2182 δι
482 2117 629 2180 audientis
645 2118 772 2182 intentio
796 2118 995 2182 continuatio-

202 2245 240 2286 ne
260 2222 402 2299 servatur,
427 2223 645 2306 intercapedine
668 2225 700 2288 ἃ
721 2224 800 2308 quast
825 2224 996 2287 remiffione

205 2326 384 2413 languescit:
416 2327 466 2391 sed
491 2327 594 2406 Baffus
623 2329 728 2393 multis
741 2331 888 2413 precibus,
917 2351 993 2414 pene

181 2429 293 2499 vetiarn
321 2435 472 2519 lacrymis,
495 2433 676 2511 obsecrabat,
709 2436 864 2519 implerem
891 2456 994 2499 meum

202 2552 330 2626 tempus.
383 2539 496 2616 Parui,
521 2541 739 2625 utilitatemque
772 2541 836 2625 ejus
875 2544 993 2625 praetuli

202 2668 288 2710 meae.
333 2645 415 2710 Bene
428 2644 527 2709 ceffit:
553 2646 655 2709 inveni
670 2646 712 2708 ita
733 2647 846 2724 ereeios
875 2648 993 2711 animus

207 2755 352 2818 Senatus:
376 2754 418 2815 ita
431 2766 575 2829 recentes,
591 2766 625 2815 ut
638 2753 734 2835 priore
749 2752 865 2815 aulone
877 2734 993 2816 incitati

202 2861 307 2943 magis,
332 2878 423 2944 quam
448 2857 542 2921 satiati
555 2859 736 2921 viderentur.
781 2857 918 2937 Succefiit
931 2859 991 2921 mi-

200 2966 233 3028 hi
249 2966 364 3030 Lucius
378 2963 521 3042 Albinus,
537 2975 601 3026 tarn
615 2976 694 3047 apte,
718 2977 752 3028 ut
762 2961 991 3043 orationesnos-
