2317 3767
392 264 662 310 trauan.
854 261 913 326 451

123 408 187 493 ejus
202 407 380 471 subventum
401 408 569 471 interventu
580 405 733 491 principis,
756 402 917 488 praesertim

123 534 194 576 cum
211 515 303 577 etiam
325 512 486 578 statuarum
507 515 534 576 ei
553 514 650 577 honor
672 514 759 576 toties
782 514 917 575 decretus

123 619 157 681 fit
171 622 209 682 ab
220 620 267 695 iis,
278 620 330 703 qui
338 620 515 703 ignorabant
529 620 646 703 quidde
661 619 714 680 illo
726 616 839 680 Paulus
849 638 918 700 pro-

124 724 204 788 cons.
222 724 448 808 pronunciaiiet.
494 725 576 810 Qtae
599 739 702 788 tamen
719 725 762 786 mi
785 723 919 787 Secunde

123 830 277 907 cariffime‚
301 852 362 893 non
381 852 418 894 eo
431 832 591 917 pertinent,
615 844 648 893 ut
664 830 686 893 fi
700 831 827 914 quidilli
847 830 919 893 novi

124 937 258 1000 criminis
286 937 436 1021 objicitur,
465 937 565 999 minus
601 938 638 998 de
666 958 703 999 eo
737 936 918 999 audiendum

123 1055 218 1125 putes.
272 1042 407 1106 Libellos
442 1041 541 1105 Furiae
576 1041 688 1106 Primae
721 1041 917 1117 accusatricis,

124 1147 197 1211 item
212 1147 297 1232 ipfius
320 1147 478 1231 Archippi,
500 1168 576 1231 quos
602 1149 686 1211 alteri
711 1146 839 1231 epistolae
860 1160 920 1208 tuae

121 1255 275 1339 junxeras,
291 1254 360 1338 legi.

217 1486 311 1529 LXIX.
353 1483 387 1528 C·
415 1484 570 1530 PLINIUS
600 1484 659 1529 ΤΚ.
686 1483 771 1528 ΙΜΡ.
800 1483 829 1526 8.

126 1625 205 1738 Tu
230 1675 352 1759 quidem
367 1675 503 1741 Domine
522 1675 784 1760 providentiffime,
812 1675 920 1738 vereris

125 1802 163 1843 ne
188 1781 359 1845 commiffus
389 1782 521 1857 flumini,
547 1794 637 1865 atque
669 1782 711 1843 ita
735 1781 812 1843 mari
839 1782 920 1845 lacus

127 1885 240 1963 effluat,
262 1887 311 1951 sed
323 1908 379 1970 ego
395 1887 426 1948 in
441 1907 472 1948 re
488 1885 623 1970 praesenti
648 1887 790 1950 inveniffe
806 1887 919 1965 videor,

126 1993 383 2075 quemadmodum
425 1992 497 2055 huic
537 1993 677 2056 cuniculo
722 2012 917 2056 occurrerem.

128 2095 225 2161 Potest
238 2098 321 2187 enim
336 2098 418 2160 lacus
429 2093 504 2161 foffa
518 2096 609 2181 usque
623 2101 661 2161 ad
673 2099 787 2162 flumen
801 2101 919 2175 adduci,

126 2225 181 2266 nec
206 2215 307 2266 tamen
327 2204 358 2266 in
377 2203 492 2267 flumen
517 2191 626 2282 emitti,
652 2203 700 2267 sed
722 2205 827 2295 relicto
840 2203 921 2288 quafi

126 2310 259 2390 margine
284 2310 427 2372 contineri
448 2311 556 2393 pariter
575 2312 606 2375 ἃ
629 2311 740 2374 dirimi.
786 2311 833 2375 Sic
849 2313 920 2373 conss

127 2409 294 2494 sequemur,
317 2427 351 2476 ut
375 2435 430 2478 nec
453 2416 552 2479 vicino
565 2416 701 2479 videatur
715 2417 835 2479 flumini
850 2417 920 2479 mis-

126 2528 188 2592 tus,
211 2520 242 2582 δι
267 2518 301 2580 fit
323 2520 444 2601 perinde
462 2541 497 2583 ac
511 2520 532 2583 fi
548 2521 713 2584 misceatur.
735 2582 737 2586 ,
760 2520 826 2584 Erit
839 2522 920 2584 enim

127 2619 215 2684 facile
236 2624 387 2705 perillam
402 2624 602 2689 breviffimam
613 2640 734 2702 terram,
749 2648 817 2709 quae
829 2627 922 2689 inter·

19 2733 25 2815 J
123 2728 247 2811 jacebit,
269 2729 392 2791 advecta
410 2726 484 2793 foffa
497 2751 589 2793 onera
608 2732 796 2816 transponere
809 2734 841 2795 in
863 2733 921 2797 flu·

127 2854 210 2911 men,
222 2836 302 2919 quod
317 2837 357 2899 ita
369 2830 439 2912 iiet,
460 2835 646 2901 fineceffitas
675 2850 772 2921 coget,
794 2836 921 2922 &spero

127 2960 189 3002 non
203 2953 310 3035 coget·
343 2941 495 3007 Etenim
516 2943 548 3006 δι
561 2944 643 3007 lacus
659 2942 718 3027 ipse
737 2941 805 3007 satis
831 2945 920 3022 altus,

158 3050 161 3054 ⁴
480 3045 584 3131 Gga
