2317 3767
226 297 287 349 102
385 297 419 345 C·
444 300 557 345 mu.
585 300 847 350 trtsrouun.

224 440 332 508 leuare
359 442 577 526 imperitorum.
631 442 726 527 Quod
747 464 809 521 me,
837 463 1012 529 quanquam

225 547 430 631 tyrunculum,
461 547 616 613 solicitavit
644 551 682 611 ad
721 551 894 614 emendum.
941 546 1013 613 Emi

131 729 134 732 ¹
225 664 337 730 autem,
369 674 430 717 non
453 666 487 717 ut
510 655 653 719 haberem
681 656 764 718 domi
795 656 902 740 (neque
931 656 1013 719 enim

226 759 323 821 ullum
338 759 435 822 adhuc
451 760 646 826 Corinthium
668 760 753 826 domi
770 758 883 840 habeo)
907 782 1013 826 verum

226 876 261 927 ut
285 865 316 931 in
336 866 432 949 patria
455 865 551 930 nostra
574 866 683 929 celebri
707 868 775 930 loco
797 887 951 950 ponerem,
978 885 1014 928 ac

225 970 407 1054 potiffunurn
436 973 468 1035 in
495 972 581 1059 Jovis
607 974 730 1057 templo.
775 972 904 1037 Videtur
931 973 1012 1036 enim

225 1077 351 1160 dignum
378 1079 504 1160 templo,
535 1080 661 1162 dignum
685 1078 756 1141 Deo
784 1081 911 1143 donum.
955 1077 1012 1143 Tu

225 1203 307 1266 ergo,
335 1194 369 1245 ut
387 1182 460 1246 soles
474 1185 577 1246 omnia
590 1206 657 1268 quae
674 1185 691 1248 ἃ
706 1204 756 1247 me
778 1185 833 1248 tibi
851 1185 1013 1269 injungun-

226 1300 288 1365 tur,
314 1280 423 1372 susc'ipe
444 1289 523 1352 hane
536 1310 651 1354 cumn.
695 1289 737 1353 Et
753 1290 820 1375 jam
841 1311 922 1354 nunc
936 1291 1013 1375 jube

226 1393 319 1457 bafim
337 1394 414 1470 fieri,
440 1414 478 1456 ex
499 1416 561 1481 quo
582 1397 665 1458 voles
679 1416 840 1471 marmore,
866 1417 935 1480 quae
956 1416 1012 1459 no-

226 1520 297 1568 men
311 1520 427 1576 meum,
453 1499 636 1583 honoresque
649 1502 758 1585 capiat,
781 1501 803 1564 fi
825 1501 881 1564 hos
894 1521 1013 1586 quoque

225 1609 344 1692 putabis
358 1607 519 1671 addendos.
564 1605 631 1689 Ego
644 1606 760 1691 fignum
774 1604 882 1691 ipsum,
905 1617 940 1669 ut
951 1607 1013 1690 pri-

226 1733 313 1779 mum
327 1713 468 1776 inuenero
479 1712 622 1797 aliquem,
637 1712 689 1796 qui
699 1733 762 1776 non
774 1725 924 1796 gravetur,
940 1713 1012 1776 mit·

224 1830 289 1882 tam
303 1817 379 1884 tibi:
398 1818 447 1883 vel
460 1817 531 1902 ipse,
553 1820 635 1904 quod
657 1819 766 1895 mavis,
791 1815 925 1883 adferam
947 1838 1014 1881 me-

224 1944 307 1993 eum.
353 1922 478 1989 Destino
490 1926 585 2002 enim,
600 1924 622 1988 fi
636 1937 738 1989 tamen
752 1922 843 1989 officii
856 1925 932 1988 ratio
945 1944 1013 2009 per·

225 2028 348 2107 miserit,
362 2050 515 2096 atemere
528 2030 593 2097 isto.
630 2030 768 2108 Gaudes,
784 2032 864 2115 quod
878 2050 928 2093 me
939 2051 1012 2094 ven-

224 2149 328 2202 turum
353 2136 410 2207 tffe
437 2138 589 2220 polliceor,
616 2136 665 2201 sed
687 2137 843 2201 connahes
867 2133 1012 2214 frontem,

224 2264 295 2308 cum
317 2243 461 2327 adjecero,
493 2245 530 2306 ad
559 2264 671 2328 pauoes
696 2245 779 2307 dies:
810 2241 1013 2325 nequeenim

223 2349 335 2414 diutius
349 2346 446 2411 abeffe
464 2369 514 2414 me
528 2347 626 2412 finunt
641 2352 746 2412 eadem
761 2349 838 2426 haec,
853 2368 924 2434 quae
934 2367 1011 2412 nun-

223 2456 298 2524 dum
312 2454 392 2517 exire
405 2454 567 2540 patiuntur.
614 2453 703 2519 Vale.

290 2684 369 2730 vlt.
407 2681 444 2733 C.
466 2684 615 2732 mulus
644 2684 804 2730 cumulo
832 2683 900 2730 SUO
918 2685 948 2731 S·

224 2832 370 2944 Meno
391 2877 549 2940 nmrciatus
562 2875 604 2939 est
619 2875 709 2939 Silius
729 2874 854 2941 Italicus
878 2878 911 2941 in
925 2876 1012 2943 Nea-

222 2985 356 3070 politano
369 2982 422 3047 suo
436 2983 534 3046 inedia
551 2983 646 3045 vitum
664 2981 771 3046 finiffe.
816 2982 916 3051 Causa
929 3003 1012 3046 mor-
