2317 3767
208 294 252 383 98
378 313 411 361 c.
436 314 552 360 amn.
578 312 852 362 ueisrounn.

209 458 300 543 paulo
320 456 443 521 liberius
463 458 494 522 δι
514 458 642 522 erectius
660 455 857 542 periculosum
876 454 1002 520 servitus

209 559 329 626 fecisset.
373 561 404 625 A
434 562 494 626 fine
515 562 632 627 Aufidii
658 561 737 626 Baffr
764 560 886 646 triginta
911 581 1002 625 unus.

209 667 338 733 Naturae
352 666 540 732 historiarum
562 668 685 752 triginta
699 667 821 753 septem,
843 688 919 751 opus
945 664 1005 730 dis-

209 770 322 851 susum,
351 775 515 851 eruditum,
541 796 598 837 nec
626 774 728 836 minus
754 772 886 849 varium,
912 791 1006 856 quam

116 925 118 930 ,
209 877 270 964 ipsa
282 894 398 943 natura.
442 879 570 943 Miraris
584 881 665 965 quod
676 892 720 943 tot
734 879 901 955 volumina,
922 879 1004 941 mul-

208 999 297 1071 taque
319 987 350 1048 in
376 984 424 1048 his
439 999 503 1048 tam
528 983 707 1069 serupuosa,
728 985 822 1047 homo
844 996 1005 1067 occupatus

207 1090 381 1155 absolveritz
415 1091 511 1175 magis
538 1091 705 1167 miraberis,
729 1089 753 1158 si
775 1088 884 1165 scieris,
913 1089 1003 1152 illum

210 1197 382 1282 aliquandiu
395 1194 496 1261 causas
512 1195 653 1273 afflasse,
673 1194 818 1259 decessisse
828 1216 908 1258 anno
921 1192 1005 1258 sexto

209 1302 240 1366 &
264 1302 516 1387 quinquagesrmO,
539 1303 674 1366 medium
699 1315 818 1386 tempus
842 1300 1003 1365 distentum

208 1407 455 1493 impeditumque,
479 1429 539 1492 qua
552 1405 659 1470 officiis
674 1405 828 1483 maximis,
850 1428 910 1491 qua
923 1406 1003 1469 ami-

207 1513 278 1579 citia
298 1514 480 1599 principum,
507 1511 608 1597 egisse.
654 1512 800 1576 Sederat
827 1534 894 1577 acre
917 1513 1002 1596 inge-

205 1620 305 1694 nium,
331 1618 504 1682 incredibile
522 1617 664 1696 studium,
691 1616 809 1685 summa
832 1620 999 1704 vigilantia.

209 1723 382 1789 Lucubrare
395 1722 648 1787 {Vulcanalibus
670 1724 842 1808 incipiebat,
864 1745 927 1787 non
946 1745 1001 1788 au-

207 1829 336 1915 spicandi
360 1829 458 1908 causa,
484 1828 533 1894 sed
562 1828 709 1908 studendi,
742 1829 840 1893 statim
869 1828 888 1893 ὲ
913 1830 1002 1893 nodie

206 1938 323 2001 muln:
357 1939 466 2023 hyeme
492 1958 564 2000 vero
593 1938 632 2000 ab
657 1937 732 2000 hora
760 1934 894 2020 septima.
941 1933 1001 1998 Vel

206 2063 277 2106 cum
295 2043 455 2108 tardissime
467 2043 586 2118 odava,
609 2041 685 2125 saepe
701 2040 792 2105 sexta.
837 2040 912 2106 Erat
932 2038 1002 2104 sanc

205 2148 301 2213 somni
316 2148 491 2234 parcissimi:
512 2152 730 2233 nonnunquam
744 2147 835 2211 etiam
850 2148 927 2210 inter
939 2145 1001 2210 stu·

205 2256 257 2319 dia
276 2254 409 2317 instantis
434 2255 466 2318 ἃ
490 2252 660 2317 deserentis.
705 2252 789 2316 Ante
813 2255 913 2316 lucem
938 2253 1002 2317 ibat

204 2362 244 2423 ad
260 2357 470 2445 Vespasianum
486 2359 715 2444 Imperatorem.
760 2358 847 2424 Nam
861 2361 913 2422 ille
923 2375 999 2443 quoi

204 2488 263 2552 que
277 2466 416 2532 nodiibus
435 2468 591 2531 utebatur:
616 2465 687 2529 inde
709 2466 747 2528 ad
763 2466 933 2549 delegatum
946 2464 999 2529 fibi

205 2570 350 2637 officium.
400 2570 547 2637 Reversus
572 2574 711 2648 domum,
744 2572 825 2655 quod
851 2570 1001 2654 reliquum

205 2692 268 2743 erat
291 2680 444 2764 temporis,
475 2678 579 2741 studiis
603 2679 754 2741 reddebat.
806 2675 875 2740 Post
895 2677 999 2741 cibum

204 2783 280 2870 saepe
299 2788 402 2871 (quem
414 2784 543 2849 interdiu
555 2785 654 2847 levem
665 2785 696 2847 &
709 2779 842 2859 facilem,
863 2796 999 2847 veterum

205 2912 301 2970 more,
324 2885 469 2969 sumebat)
493 2888 603 2966 aestate,
626 2888 735 2973 siquid
750 2887 814 2963 otii,
831 2887 951 2972 jacebat
965 2888 999 2951 in

204 2993 274 3075 sole,
293 2998 371 3062 liber
383 2997 546 3080 legebatur,
561 2996 734 3069 adnotabat,
749 2994 994 3082 excerpebatque.
