2317 3767
216 268 276 335 170
383 270 417 314 c.
448 269 564 342 nuru.
589 270 855 318 narsronnr.

211 412 278 474 ret?
301 410 333 473 dc
347 409 517 487 Mauricus,
541 411 713 476 Nobiscum
729 423 873 476 coenaret.
920 413 1005 478 Lon-

209 519 276 601 gius
295 517 368 592 abii,
391 516 487 579 libens
507 528 620 581 tamen.
667 517 784 582 Placuit
804 538 900 601 agona
928 520 1006 602 tolli,

209 623 263 706 qui
277 642 376 684 mores
389 620 605 685 Viennensium
620 620 773 699 infecerat,
800 636 835 685 ut
847 621 945 687 noster
958 626 1008 688 hic

209 727 360 791 omnium.
404 724 491 789 Nam
508 725 723 791 Viennensrum
744 730 817 792 vitia
832 730 909 792 intra
931 730 1007 814 ipsos

211 831 345 908 refident,
362 830 459 895 nostra
472 834 532 894 late
547 847 703 917 vagantur.
735 834 838 919 thue
853 836 886 898 in
900 856 1007 920 corpo·

211 938 305 1012 ribus,
332 938 370 1000 src
393 938 425 999 in
449 939 575 1021 impepio
593 938 778 1023 gravissunus
803 941 843 1003 esi
869 943 1004 1019 morbus,

209 1044 400 1129 quiacapite
411 1042 601 1107 diffunditur.
649 1044 737 1120 Vale.

212 1274 326 1319 XXIII.
342 1275 376 1319 C.
389 1275 537 1320 PLINIUS
549 1265 742 1321 POMPONIO
758 1273 869 1320 BASSO
886 1275 954 1322 SUO
972 1277 1000 1322 S.

211 1417 419 1530 Manum
435 1467 499 1551 cepi
515 1466 711 1548 voluptatem,
727 1489 798 1531 cum
814 1489 850 1531 ex
865 1488 1005 1530 commu·

209 1573 299 1636 nibus
313 1573 417 1634 amicis
431 1572 570 1654 cognovi,
597 1584 638 1648 te,
655 1585 689 1634 ut
699 1572 841 1657 sapientia
860 1587 913 1637 tua
935 1575 1002 1657 dig·

210 1699 285 1740 num
299 1676 351 1750 est,
376 1674 568 1759 &disponere
582 1678 691 1756 otium,
715 1680 746 1743 de
759 1676 848 1756 serre,
872 1666 1006 1742 habitare
1041 1757 1045 1761 ῃ

209 1780 419 1858 amoeniffime,
437 1783 468 1846 δι
486 1802 566 1844 nunc
581 1795 671 1861 terra,
687 1804 767 1847 nunc
793 1787 869 1848 mari
889 1807 1002 1869 corpus

209 1889 337 1970 agitare:
368 1890 500 1951 multum
534 1886 692 1973 disputare,
723 1889 855 1953 multum
889 1891 1004 1968 audire,

210 1995 343 2056 multum
371 1994 519 2057 lectitare:
557 2015 687 2079 cumque
721 1996 887 2080 plurimum
919 1995 1004 2074 scias,

209 2099 342 2183 quotidie
354 2111 456 2161 tamen
470 2100 583 2182 aliquid
598 2099 755 2163 addiscere.
798 2101 847 2165 Ita
862 2100 1006 2165 senescere

209 2218 325 2289 oportet
335 2205 447 2281 virum,
468 2205 521 2288 qui
531 2204 719 2287 magistratus
734 2206 927 2290 amplissimos
941 2204 1006 2290 ges-

210 2310 289 2387 serit,
331 2312 477 2373 exercitus
510 2312 630 2387 rexerit,
663 2324 821 2396 totumque
856 2310 885 2374 se
912 2310 1003 2394 Reip.

210 2418 354 2500 quamdiu
381 2418 515 2493 decebat,
545 2418 697 2480 obtulerit.
741 2417 829 2482 Nam
856 2418 1006 2502 &prima

210 2524 281 2584 vitae
294 2536 440 2606 tempora,
463 2524 494 2587 de
508 2524 608 2585 media
621 2524 735 2607 patriae,
759 2535 896 2586 extrema·
918 2524 1006 2589 nobis

208 2630 359 2713 impertire
372 2630 527 2705 debemus,
550 2642 584 2690 ut
600 2627 669 2711 ipsae
691 2631 770 2712 leges
785 2643 921 2707 monent,
937 2651 1006 2714 quae

207 2734 352 2818 majorem
382 2735 468 2796 annis
502 2754 560 2797 Lx.
592 2735 655 2797 otio
685 2737 824 2797 reddunt.
868 2736 1005 2821 Quando

209 2842 285 2903 mihi
312 2841 438 2905 licebit?
471 2841 592 2924 quando
620 2859 672 2922 per
697 2850 816 2903 aetatem
845 2841 1004 2905 honestum

210 2946 265 3012 erit
281 2946 396 3016 ⁴imitari
425 2945 499 3010 istud
524 2945 732 3029 pulcherrimae
760 2947 870 3032 quietis
902 2968 1004 3012 exem-
