2317 3767
230 272 292 354 468
404 298 438 345 c.
463 296 579 345 euru.
604 299 864 348 narsronnr.

294 562 452 630 xerse.
476 582 920 641 rrrurusrunrnuo··1ut.
950 574 980 635 s.
1017 578 1022 589 ’

239 730 478 844 Sorronrum
491 773 722 862 Tranquillum,
737 776 954 866 probissimum,
966 780 1025 842 ho-

232 883 434 959 nestissimum,
469 885 697 949 eruditissimum
722 884 856 962 virum,
870 887 911 950 &,
925 904 1025 947 mores

232 988 296 1073 ejus
320 987 434 1051 secutus
457 989 488 1052 ἃ
513 988 619 1064 studia,
641 991 822 1075 jampridem
842 992 978 1054 Domine
993 991 1025 1051 in

231 1094 461 1156 contubernium
473 1092 629 1176 adsumpsi,
644 1107 786 1178 tantoque
797 1095 893 1178 magis
904 1095 1025 1176 diligere

232 1199 322 1281 coepl,
343 1210 455 1281 quanto
473 1199 553 1265 hunc
579 1200 700 1282 propius
722 1199 851 1282 inspexi:
881 1200 954 1262 huic
976 1199 1027 1282 jus

233 1303 324 1365 trium
355 1304 518 1366 liberorum
536 1287 745 1367 'necessarium
776 1302 891 1367 faciunt
917 1300 1024 1366 causae.

233 1407 321 1472 Nam
331 1408 361 1470 ἃ
369 1406 483 1490 judicia
491 1405 657 1471 amicorum
671 1421 867 1492 promeretur,
878 1408 908 1472 δι
918 1428 1026 1492 parum

236 1509 309 1574 felix
323 1505 701 1596 matiimonlum·'expertus
713 1512 767 1590 est,
786 1514 1027 1597 impetrandum-

214 1637 293 1700 ·que
315 1614 483 1678 &bonitate
504 1628 556 1679 tua
585 1616 639 1700 'per
662 1638 718 1681 nos
745 1619 848 1695 habet,
878 1621 959 1702 quod
980 1620 1027 1694 illi

234 1719 362 1785 fortunae
381 1722 550 1804 malignitas
568 1722 738 1806 denegavit}
789 1723 857 1786 Scio
877 1723 1025 1799 Domine,

231 1822 383 1910 'quantum
396 1825 575 1889 beneficium
597 1828 718 1910 petarrit
741 1829 822 1911 q'uod
848 1839 916 1912 peto
938 1827 957 1891 ai
980 1840 1025 1905 te,

235 1933 319 2016 cujus
344 1933 375 1995 in
401 1932 544 1995 omnibus
567 1929 718 1994 desideriis
734 1933 811 1994 meis
829 1932 1027 2029 iilerlifl‘unain

158 2104 160 2115 ,
237 2028 453 2120 indulgentiam
466 2037 613 2120 experior.
666 2036 862 2121 Potesautem
878 2023 1027 2119 colligere,

233 2153 414 2225 quantopere
427 2140 558 2224 cupiam,
578 2142 671 2224 quod
684 2162 745 2233 non
759 2152 895 2269 rogarem
906 2140 1025 2218 absens,

233 2243 637 2359 simediocritereupetem.
712 2298 714 2302 .
768 2257 771 2267 ’
799 2264 801 2271 ’

362 2465 464 2531 xcvi.
508 2456 696 2531 Tauranus
723 2476 847 2523 rutulo
876 2478 906 2532 S,
979 2480 982 2495 “

239 2619 384 2749 Quum
400 2686 487 2749 parce
508 2669 573 2732 haec
593 2661 737 2733 beneficla
758 2670 900 2746 tribuam,
924 2664 1028 2753 utique

235 2771 280 2833 mi
302 2774 436 2850 Secunde
459 2772 613 2849 carissime,
643 2774 737 2837 haeret
758 2776 813 2838 tibi
821 2800 836 2838 :-
852 2795 922 2838 cum
934 2775 1027 2837 etiam

237 2877 268 2938 in
290 2876 391 2941 senatu
413 2876 570 2949 adfirmare
595 2877 716 2956 soleam,
744 2900 805 2942 non
819 2877 963 2942 excessnse
977 2882 1028 2941 me

237 3002 410 3059 numerum,
436 3003 527 3065 quem
555 2985 633 3066 apud
653 2982 865 3070 ampliffimum
889 2984 1027 3045 ordinem
