2317 3767
234 278 279 362 64
398 275 861 345 c.1³uiu.ur1sroi.nn.

235 439 330 504 causae
353 439 542 523 amplitudo,'
555 439 702 524 ausisque
722 439 863 504 dilatione
885 440 1024 524 expectas

236 547 292 622 tio,
319 547 350 610 δι
371 542 466 621 sama,
492 544 671 628 insitumque
692 546 869 610 mortalibus
893 544 1024 609 studium

237 652 400 734 magna&
425 649 561 713 inusitata
585 648 734 727 noscendi,
761 658 867 714 omne's
893 653 1026 736 undique

229 753 397 819 'exciverat
444 755 626 839 Imaginare,
653 776 722 839 quae
742 753 897 819 solicitudo
924 758 1024 835 nobis,

238 861 290 944 qui
304 874 414 938 metus,
434 862 543 944 quibus
556 860 642 944 super
654 871 738 922 tanta
754 881 796 937 re,
815 849 847 923 in
862 862 916 925 illo
929 875 1025 941 coetu,

237 967 378 1051 praesente
393 965 523 1043 casare,
544 968 704 1029 dicendum
718 979 791 1028 erat.
829 966 979 1051 Equidem
992 970 1025 1032 in

239 1072 350 1137 Senatu
382 1094 443 1135 non
471 1072 569 1134 semel
589 1073 657 1155 egi:
685 1071 856 1155 quinimmo
880 1072 1027 1156 nusquam

238 1179 334 1242 audiri
355 1178 513 1262 benignius
535 1176 625 1241 soleo.
669 1176 764 1240 Nunc
787 1198 837 1239 me
858 1191 971 1254 tamen,
992 1193 1028 1243 ut

239 1305 318 1348 nova
331 1286 435 1348 omnia
448 1305 528 1348 novo
542 1296 626 1347 metu
641 1285 866 1367 permovebant.
904 1282 1028 1349 Obver-

227 1381 356 1454 “sabatur
375 1396 481 1474 praete'r
495 1390 558 1465 illa,
578 1409 647 1472 quae
660 1387 746 1472 supra
760 1389 834 1463 dixi,
854 1386 948 1451 causae
967 1387 1028 1452 dif-

239 1495 367 1572 ficultas,
394 1495 488 1558 stabat
510 1495 602 1556 modo
628 1492 817 1569 Consularis,
840 1497 932 1558 modo
953 1494 1028 1579 Sep·-

232 1603 349 1664 ‘temvir
364 1600 550 1683 Epulonum‚
569 1599 636 1683 jam
654 1597 807 1663 neutrum.
852 1598 926 1662 Erat
939 1601 1031 1683 igitur

233 1701 383 1789 'perquam
398 1702 555 1767 onerosum
569 1702 703 1766 accusare
711 1707 908 1782 damnatum,
922 1727 1027 1789 quem,

233 1817 274 1873 'ut
299 1811 452 1893 premebat
473 1810 612 1873 atrocitas
634 1808 791 1886 criminis,‘
807 1811 849 1873 ita
862 1810 942 1893 quati
960 1822 1029 1893 per·

223 1916 315 1978 'asiae
331 1915 543 1978 ‘damnationis
565 1913 714 1978 miseratio
732 1916 891 1978 tuebatur:
921 1928 1030 1978 utcun-

222 2016 298 2104 ''que
320 2035 421 2084 tamen
446 2021 596 2096 animum,
621 2020 889 2104 'cogitationemque
910 2021 1028 2104 collegi.

224 2121 340 2210 ”Coepi
349 2127 458 2201 dicere,
476 2144 550 2188 ‘non
572 2127 689 2188 minore
704 2126 890 2189 audientium
903 2125 1030 2204 assensu,

232 2245 334 2313 ‘quam
348 2229 532 2294 solicitudine
545 2239 635 2293 mea.'
660 2231 737 2295 Dixi
759 2231 841 2294 horis
852 2253 927 2316 pene
940 2234 1031 2317 quin-

240 2354 310 2418 que.
354 2334 441 2400 Nam
467 2338 570 2399 decem
585 2334 754 2421 clepsydris,
775 2359 849 2420 quas
868 2338 1032 2422 spatiosrtii·

120 2511 134 2538 ·
242 2461 308 2503 mas
319 2451 499 2525 acceperam,
509 2439 583 2504 sunt'
590 2444 699 2505 additae
711 2451 850 2526 quatuor.
875 2442 964 2508 Adeo
977 2440 1031 2507 illa

242 2542 314 2629 ipsa,
331 2545 409 2629 ‘quSae
430 2548 554 2611 dura&
567 2546 689 2610 adversa
711 2548 1031 2627 didiurouidebanturj

226 2649 368 2715 ‘secunda
389 2652 499 2715 dicenti
512 2649 645 2715 suerunt.
690 2651 793 2717 Caesai
813 2653 936 2737 quidem
955 2654 1033 2717 mihi

241 2769 359 2821 tantum
373 2756 515 2834 studium,
538 2769 654 2820 tantam
665 2760 756 2821 etiam
770 2779 875 2821 curam
889 2758 1033 2842 (nimium

241 2861 283 2925 est
295 2862 378 2928 enim
401 2864 497 2926 dicere
514 2859 746 2942 solicitudinem)
768 2863 912 2948 praestitit,
937 2879 971 2929 ut
993 2866 1033 2928 li·

218 2977 232 2991 '⁷
241 2968 362 3034 bertum
381 2988 486 3032 meum
500 2966 628 3052 post'me
646 2968 783 3048 stantem,
806 2967 912 3052 saepius
926 2972 1034 3033 admo-
