2317 3767
228 269 270 352 46
392 290 426 336 c.
451 290 565 335 mn.
591 289 852 336 rr1srocnn.

221 433 295 495 citra
320 434 455 496 dolorem
481 446 601 496 tamen:
638 432 735 494 aditus
763 444 880 494 tantum
911 433 1017 496 mortis
1113 482 1115 486 s

221 539 323 601 durior
335 539 520 623 longiorque,
537 535 645 600 sedhic
657 535 715 622 ipse
730 537 898 600 laudabilis.
929 538 1017 602 Nam

222 663 292 705 cum
313 665 418 707 vocem
441 654 628 728 praepararet,
660 642 780 705 atiurus
805 643 838 704 in
862 642 1015 707 consulatu

220 751 345 834 principi
374 751 495 833 gratias,
526 749 612 824 liber,
642 769 733 832 quem
758 744 835 810 forte
863 762 1016 832 acceperat

218 857 419 938 grandiorem,
431 856 462 919 δι
476 853 537 917 seni
548 854 579 917 &
590 853 675 916 stanti
685 852 746 937 ipso
760 855 889 937 pondere
900 853 1025 938 clapsus,

221 960 272 1023 est.
319 960 413 1025 Hunc
441 963 515 1024 dum
546 959 734 1044 constqnitur
757 960 938 1043 colligitque,
961 982 1015 1044 per

219 1067 295 1153 laeve
311 1067 342 1130 ἃ
364 1067 512 1130 lubricum
532 1067 739 1149 pavimentum
762 1061 883 1127 fallente
894 1065 1014 1149 vestigio

218 1173 335 1248 cecidit,
357 1192 521 1256 coxamque
538 1168 638 1254 fregit,
659 1192 727 1256 quae
740 1192 847 1254 parum
867 1184 934 1254 apte
947 1172 1011 1234 col-

218 1278 326 1354 locata,
342 1278 504 1341 reluctante
518 1291 616 1353 aetate,
633 1277 712 1339 male
722 1277 802 1339 coiit.
841 1274 943 1360 Hujus
956 1279 1011 1340 viri

220 1384 355 1467 exequiae
369 1404 514 1467 magnum
539 1396 751 1448 ornamentum
766 1383 901 1467 principi,
927 1405 1012 1467 mag-

218 1510 293 1553 num
308 1489 416 1566 seculo,
441 1510 587 1572 magnum
600 1489 690 1550 etiarn
713 1484 825 1551 foro&
844 1487 941 1551 rostris
963 1504 1011 1553 at·

216 1596 360 1659 tulerunt.
396 1594 550 1658 Laudatus
564 1590 633 1655 esti
648 1591 766 1655 consule
782 1592 927 1657 Cornelio
939 1594 1009 1662 Ta·

216 1701 285 1765 cito.
330 1699 417 1766 Nam
434 1699 484 1761 hic
494 1697 648 1783 supremus
661 1694 808 1762 foelicitati
823 1681 887 1783 ejus
902 1721 1009 1763 cumu-

217 1803 412 1880 lusvacceffit,
447 1805 584 1867 laudator
608 1802 870 1888 eloquentiffimus,
900 1807 931 1869 &
958 1807 1009 1868 ille

215 1914 337 1996 quidem
358 1912 464 1996 plenus
487 1911 573 1973 annis
597 1911 680 1986 abiit,
704 1911 1007 1993 plenushonoribus‘,

215 2018 275 2082 illis
296 2019 387 2082 etiam
401 2039 476 2102 quos
490 2015 644 2080 recusavit.
689 2014 791 2078 Nobis
805 2028 907 2078 tamen
924 2037 1008 2100 quae·

215 2126 323 2186 rendus
348 2144 384 2186 ac
406 2122 614 2185 defiderandus
634 2120 686 2197 est,
718 2134 752 2183 ut
774 2122 926 2205 exemplar
949 2122 1007 2185 aevi

213 2229 337 2313 prioris:
371 2227 447 2290 mihi
474 2248 545 2289 vero
567 2228 725 2311 praecipue,
756 2227 808 2311 qui
833 2227 919 2289 illum
945 2248 1007 2290 non

214 2332 310 2397 solum
338 2334 466 2418 publice,
497 2330 547 2395 sed
574 2333 666 2395 etiam
694 2332 833 2416 privatim
858 2346 1007 2422 quantum

211 2439 391 2515 admirabar,
403 2437 709 2521 tantumdiligebam.
746 2436 903 2516 Primum,
924 2442 1006 2523 quod

212 2547 328 2630 utn'que
350 2547 455 2607 eadem
473 2544 566 2627 regio,
590 2545 751 2627 municipia
773 2543 913 2619 finitima,
941 2546 1006 2628 agri

210 2652 301 2716 ctiam
315 2648 742 2735 poffeffionesqueconjunciae.
768 2648 914 2713 Praeterea
923 2654 1005 2735 quod

209 2760 271 2846 1¹¹⁹,
287 2771 368 2824 tutor
384 2755 459 2819 mihi
484 2756 616 2831 relictus,
640 2752 783 2817 affectum
804 2757 933 2840 parentis
950 2779 1004 2820 ex-

208 2864 318 2938 hibuit.
363 2861 411 2926 Sic
424 2861 617 2934 candidatum
640 2882 688 2923 me
710 2858 852 2944 suffragio
872 2865 1002 2939 ornavit,

209 2970 247 3033 fic
261 2972 298 3033 ad
313 2989 419 3034 omnes
434 2968 563 3030 honores
577 2987 662 3029 meos
676 2987 714 3029 ex
729 2965 881 3030 seceffibus
899 2987 1003 3030 accur·
