<?xml version="1.0" encoding="UTF-8"?>
<!DOCTYPE html PUBLIC "-//W3C//DTD XHTML 1.0 Transitional//EN"
    "http://www.w3.org/TR/xhtml1/DTD/xhtml1-transitional.dtd">
<html xmlns="http://www.w3.org/1999/xhtml" xml:lang="en" lang="en">
 <head>
  <title>
</title>
<meta http-equiv="Content-Type" content="text/html;charset=utf-8" />
  <meta name='ocr-system' content='tesseract 3.04.00' />
  <meta name='ocr-capabilities' content='ocr_page ocr_carea ocr_par ocr_line ocrx_word'/>
</head>
<body>
  <div class='ocr_page' id='page_1' title='image "./cpliniicciliise01plingoog_0136.png"; bbox 0 0 2317 3767; ppageno 0'>
   <div class='ocr_carea' id='block_1_1' title="bbox 190 252 816 323">
    <p class='ocr_par' dir='ltr' id='par_1_1' title="bbox 190 252 816 323">
     <span class='ocr_line' id='line_1_1' title="bbox 190 252 816 323; baseline -0.01 0"><span class='ocrx_word' id='word_1_1' title='bbox 190 252 251 323; x_wconf 77' lang='lat' dir='ltr'>nt</span> <span class='ocrx_word' id='word_1_2' title='bbox 348 273 382 319; x_wconf 90' lang='lat' dir='ltr'>c.</span> <span class='ocrx_word' id='word_1_3' title='bbox 410 273 525 320; x_wconf 71' lang='lat' dir='ltr'>rnen.</span> <span class='ocrx_word' id='word_1_4' title='bbox 553 272 816 319; x_wconf 75' lang='lat' dir='ltr'>netenounn.</span> 
     </span>
    </p>
   </div>
   <div class='ocr_carea' id='block_1_2' title="bbox 189 395 979 714">
    <p class='ocr_par' dir='ltr' id='par_1_2' title="bbox 189 395 979 714">
     <span class='ocr_line' id='line_1_2' title="bbox 189 395 979 499; baseline 0 -19"><span class='ocrx_word' id='word_1_5' title='bbox 189 419 235 480; x_wconf 87' lang='lat' dir='ltr'>vir</span> <span class='ocrx_word' id='word_1_6' title='bbox 248 395 360 499; x_wconf 87' lang='lat' dir='ltr'>alioqui</span> <span class='ocrx_word' id='word_1_7' title='bbox 373 411 625 499; x_wconf 84' lang='lat' dir='ltr'>pmdentiffimus,</span> <span class='ocrx_word' id='word_1_8' title='bbox 646 413 768 480; x_wconf 83' lang='lat' dir='ltr'>honesto</span> <span class='ocrx_word' id='word_1_9' title='bbox 780 414 915 499; x_wconf 88' lang='lat' dir='ltr'>quidem,</span> <span class='ocrx_word' id='word_1_10' title='bbox 929 414 979 480; x_wconf 82' lang='lat' dir='ltr'>sed</span> 
     </span>
     <span class='ocr_line' id='line_1_3' title="bbox 189 519 979 606; baseline -0.003 -19"><span class='ocrx_word' id='word_1_11' title='bbox 189 537 290 587; x_wconf 84' lang='lat' dir='ltr'>tamen</span> <span class='ocrx_word' id='word_1_12' title='bbox 303 541 401 586; x_wconf 86' lang='lat' dir='ltr'>errore</span> <span class='ocrx_word' id='word_1_13' title='bbox 413 519 555 597; x_wconf 84' lang='lat' dir='ltr'>versatur,</span> <span class='ocrx_word' id='word_1_14' title='bbox 572 523 653 606; x_wconf 92' lang='lat' dir='ltr'>quod</span> <span class='ocrx_word' id='word_1_15' title='bbox 666 521 760 605; x_wconf 81' lang='lat' dir='ltr'>pluris</span> <span class='ocrx_word' id='word_1_16' title='bbox 772 522 885 584; x_wconf 82' lang='lat' dir='ltr'>amicos</span> <span class='ocrx_word' id='word_1_17' title='bbox 898 521 979 599; x_wconf 85' lang='lat' dir='ltr'>suos,</span> 
     </span>
     <span class='ocr_line' id='line_1_4' title="bbox 189 625 698 714; baseline -0.008 -22"><span class='ocrx_word' id='word_1_18' title='bbox 189 649 281 714; x_wconf 86' lang='lat' dir='ltr'>quam</span> <span class='ocrx_word' id='word_1_19' title='bbox 295 626 373 706; x_wconf 85' lang='lat' dir='ltr'>sunt,</span> <span class='ocrx_word' id='word_1_20' title='bbox 395 628 564 692; x_wconf 82' lang='lat' dir='ltr'>arbitratur.</span> <span class='ocrx_word' id='word_1_21' title='bbox 610 625 698 690; x_wconf 85' lang='lat' dir='ltr'><strong>Vale.</strong></span> 
     </span>
    </p>
   </div>
   <div class='ocr_carea' id='block_1_3' title="bbox 254 849 906 922">
    <p class='ocr_par' dir='ltr' id='par_1_3' title="bbox 254 849 906 922">
     <span class='ocr_line' id='line_1_5' title="bbox 254 849 906 922; baseline -0.002 -19"><span class='ocrx_word' id='word_1_22' title='bbox 254 857 330 904; x_wconf 80' lang='lat' dir='ltr'>x11.</span> <span class='ocrx_word' id='word_1_23' title='bbox 363 855 399 904; x_wconf 69' lang='lat' dir='ltr'>ce</span> <span class='ocrx_word' id='word_1_24' title='bbox 424 857 572 904; x_wconf 78' lang='lat' dir='ltr'>PLINIUS</span> <span class='ocrx_word' id='word_1_25' title='bbox 594 855 751 922; x_wconf 67' lang='lat' dir='ltr'>emmo</span> <span class='ocrx_word' id='word_1_26' title='bbox 783 856 851 901; x_wconf 88' lang='lat' dir='ltr'>SUO</span> <span class='ocrx_word' id='word_1_27' title='bbox 875 849 906 902; x_wconf 77' lang='lat' dir='ltr'>S·</span> 
     </span>
    </p>
   </div>
   <div class='ocr_carea' id='block_1_4' title="bbox 142 1003 986 2612">
    <p class='ocr_par' dir='ltr' id='par_1_4' title="bbox 142 1003 986 2612">
     <span class='ocr_line' id='line_1_6' title="bbox 191 1003 979 1133; baseline -0.008 -16"><span class='ocrx_word' id='word_1_28' title='bbox 191 1003 373 1117; x_wconf 64' lang='lat' dir='ltr'>Vannn</span> <span class='ocrx_word' id='word_1_29' title='bbox 398 1050 437 1112; x_wconf 89' lang='lat' dir='ltr'>ad</span> <span class='ocrx_word' id='word_1_30' title='bbox 448 1069 581 1124; x_wconf 84' lang='lat' dir='ltr'>coenam,</span> <span class='ocrx_word' id='word_1_31' title='bbox 604 1047 653 1112; x_wconf 87' lang='lat' dir='ltr'>sed</span> <span class='ocrx_word' id='word_1_32' title='bbox 667 1048 734 1133; x_wconf 88' lang='lat' dir='ltr'>jam</span> <span class='ocrx_word' id='word_1_33' title='bbox 745 1068 826 1112; x_wconf 85' lang='lat' dir='ltr'>nunc</span> <span class='ocrx_word' id='word_1_34' title='bbox 839 1048 979 1133; x_wconf 81' lang='lat' dir='ltr'>paciscor,</span> 
     </span>
     <span class='ocr_line' id='line_1_7' title="bbox 190 1147 980 1240; baseline 0.001 -22"><span class='ocrx_word' id='word_1_35' title='bbox 190 1153 225 1218; x_wconf 86' lang='lat' dir='ltr'>fit</span> <span class='ocrx_word' id='word_1_36' title='bbox 234 1155 381 1240; x_wconf 82' lang='lat' dir='ltr'>expedita,</span> <span class='ocrx_word' id='word_1_37' title='bbox 406 1154 441 1218; x_wconf 82' lang='lat' dir='ltr'>fit</span> <span class='ocrx_word' id='word_1_38' title='bbox 453 1176 552 1239; x_wconf 84' lang='lat' dir='ltr'>parca,</span> <span class='ocrx_word' id='word_1_39' title='bbox 569 1154 724 1218; x_wconf 79' lang='lat' dir='ltr'>Socraticis</span> <span class='ocrx_word' id='word_1_40' title='bbox 737 1147 856 1218; x_wconf 82' lang='lat' dir='ltr'>tannim</span> <span class='ocrx_word' id='word_1_41' title='bbox 868 1152 980 1219; x_wconf 86' lang='lat' dir='ltr'>sermo-</span> 
     </span>
     <span class='ocr_line' id='line_1_8' title="bbox 191 1260 978 1344; baseline 0.001 -20"><span class='ocrx_word' id='word_1_42' title='bbox 191 1261 280 1330; x_wconf 83' lang='lat' dir='ltr'>nibus</span> <span class='ocrx_word' id='word_1_43' title='bbox 301 1262 450 1323; x_wconf 78' lang='lat' dir='ltr'>abundet:</span> <span class='ocrx_word' id='word_1_44' title='bbox 474 1262 506 1323; x_wconf 89' lang='lat' dir='ltr'>in</span> <span class='ocrx_word' id='word_1_45' title='bbox 525 1260 573 1324; x_wconf 79' lang='lat' dir='ltr'>his</span> <span class='ocrx_word' id='word_1_46' title='bbox 595 1281 713 1344; x_wconf 90' lang='lat' dir='ltr'>quoque</span> <span class='ocrx_word' id='word_1_47' title='bbox 728 1272 826 1324; x_wconf 81' lang='lat' dir='ltr'>teneat</span> <span class='ocrx_word' id='word_1_48' title='bbox 841 1262 978 1326; x_wconf 87' lang='lat' dir='ltr'>modum.</span> 
     </span>
     <span class='ocr_line' id='line_1_9' title="bbox 192 1364 981 1450; baseline -0.001 -20"><span class='ocrx_word' id='word_1_49' title='bbox 192 1365 291 1430; x_wconf 87' lang='lat' dir='ltr'>Erunt</span> <span class='ocrx_word' id='word_1_50' title='bbox 304 1364 403 1435; x_wconf 84' lang='lat' dir='ltr'>officia</span> <span class='ocrx_word' id='word_1_51' title='bbox 415 1367 603 1441; x_wconf 82' lang='lat' dir='ltr'>antelucana,</span> <span class='ocrx_word' id='word_1_52' title='bbox 633 1366 664 1428; x_wconf 91' lang='lat' dir='ltr'>in</span> <span class='ocrx_word' id='word_1_53' title='bbox 685 1386 754 1450; x_wconf 84' lang='lat' dir='ltr'>quae</span> <span class='ocrx_word' id='word_1_54' title='bbox 775 1366 904 1429; x_wconf 82' lang='lat' dir='ltr'>incidere</span> <span class='ocrx_word' id='word_1_55' title='bbox 921 1366 981 1429; x_wconf 89' lang='lat' dir='ltr'>im·</span> 
     </span>
     <span class='ocr_line' id='line_1_10' title="bbox 191 1471 984 1557; baseline 0.001 -22"><span class='ocrx_word' id='word_1_56' title='bbox 191 1493 282 1556; x_wconf 90' lang='lat' dir='ltr'>pune,</span> <span class='ocrx_word' id='word_1_57' title='bbox 304 1494 343 1536; x_wconf 87' lang='lat' dir='ltr'>ne</span> <span class='ocrx_word' id='word_1_58' title='bbox 358 1472 471 1537; x_wconf 89' lang='lat' dir='ltr'>Catoni</span> <span class='ocrx_word' id='word_1_59' title='bbox 484 1473 607 1557; x_wconf 90' lang='lat' dir='ltr'>quidem</span> <span class='ocrx_word' id='word_1_60' title='bbox 621 1471 717 1534; x_wconf 82' lang='lat' dir='ltr'>licuit.</span> <span class='ocrx_word' id='word_1_61' title='bbox 761 1471 865 1556; x_wconf 72' lang='lat' dir='ltr'>Qum</span> <span class='ocrx_word' id='word_1_62' title='bbox 880 1486 984 1536; x_wconf 89' lang='lat' dir='ltr'>tamen</span> 
     </span>
     <span class='ocr_line' id='line_1_11' title="bbox 193 1576 981 1661; baseline -0.003 -18"><span class='ocrx_word' id='word_1_63' title='bbox 193 1577 235 1642; x_wconf 91' lang='lat' dir='ltr'>C.</span> <span class='ocrx_word' id='word_1_64' title='bbox 253 1576 356 1643; x_wconf 83' lang='lat' dir='ltr'>Caesar</span> <span class='ocrx_word' id='word_1_65' title='bbox 369 1579 412 1641; x_wconf 83' lang='lat' dir='ltr'>ita</span> <span class='ocrx_word' id='word_1_66' title='bbox 425 1576 625 1661; x_wconf 83' lang='lat' dir='ltr'>reprehendit,</span> <span class='ocrx_word' id='word_1_67' title='bbox 652 1589 687 1639; x_wconf 90' lang='lat' dir='ltr'>ut</span> <span class='ocrx_word' id='word_1_68' title='bbox 702 1578 814 1640; x_wconf 85' lang='lat' dir='ltr'>laudet.</span> <span class='ocrx_word' id='word_1_69' title='bbox 860 1576 981 1642; x_wconf 85' lang='lat' dir='ltr'>Descri-</span> 
     </span>
     <span class='ocr_line' id='line_1_12' title="bbox 142 1679 984 1769; baseline 0.001 -22"><span class='ocrx_word' id='word_1_70' title='bbox 142 1764 145 1769; x_wconf 87' lang='lat'>.</span> <span class='ocrx_word' id='word_1_71' title='bbox 192 1684 237 1747; x_wconf 90' lang='lat' dir='ltr'>bit</span> <span class='ocrx_word' id='word_1_72' title='bbox 251 1684 344 1758; x_wconf 88' lang='lat' dir='ltr'>enim,</span> <span class='ocrx_word' id='word_1_73' title='bbox 359 1704 422 1758; x_wconf 77' lang='lat' dir='ltr'>eos,</span> <span class='ocrx_word' id='word_1_74' title='bbox 440 1683 549 1768; x_wconf 85' lang='lat' dir='ltr'>quibus</span> <span class='ocrx_word' id='word_1_75' title='bbox 559 1683 668 1746; x_wconf 82' lang='lat' dir='ltr'>obvius</span> <span class='ocrx_word' id='word_1_76' title='bbox 677 1679 787 1759; x_wconf 87' lang='lat' dir='ltr'>fuerat,</span> <span class='ocrx_word' id='word_1_77' title='bbox 810 1701 880 1746; x_wconf 87' lang='lat' dir='ltr'>eum</span> <span class='ocrx_word' id='word_1_78' title='bbox 895 1698 984 1768; x_wconf 87' lang='lat' dir='ltr'>caput</span> 
     </span>
     <span class='ocr_line' id='line_1_13' title="bbox 192 1786 982 1876; baseline 0 -25"><span class='ocrx_word' id='word_1_79' title='bbox 192 1789 268 1852; x_wconf 83' lang='lat' dir='ltr'>ebrii</span> <span class='ocrx_word' id='word_1_80' title='bbox 297 1788 476 1864; x_wconf 78' lang='lat' dir='ltr'>retexiiient,</span> <span class='ocrx_word' id='word_1_81' title='bbox 515 1786 672 1852; x_wconf 83' lang='lat' dir='ltr'>erubuiiie.</span> <span class='ocrx_word' id='word_1_82' title='bbox 723 1787 843 1876; x_wconf 86' lang='lat' dir='ltr'>Deinde</span> <span class='ocrx_word' id='word_1_83' title='bbox 869 1790 982 1874; x_wconf 87' lang='lat' dir='ltr'>adjicit,</span> 
     </span>
     <span class='ocr_line' id='line_1_14' title="bbox 194 1892 985 1978; baseline 0.004 -22"><span class='ocrx_word' id='word_1_84' title='bbox 194 1894 321 1970; x_wconf 82' lang='lat' dir='ltr'>Putares</span> <span class='ocrx_word' id='word_1_85' title='bbox 334 1918 387 1959; x_wconf 86' lang='lat' dir='ltr'>non</span> <span class='ocrx_word' id='word_1_86' title='bbox 409 1895 446 1959; x_wconf 83' lang='lat' dir='ltr'>ab</span> <span class='ocrx_word' id='word_1_87' title='bbox 465 1894 522 1959; x_wconf 77' lang='lat' dir='ltr'>iuis</span> <span class='ocrx_word' id='word_1_88' title='bbox 537 1895 679 1970; x_wconf 84' lang='lat' dir='ltr'>Catonem,</span> <span class='ocrx_word' id='word_1_89' title='bbox 692 1892 751 1978; x_wconf 80' lang='lat' dir='ltr'>sed</span> <span class='ocrx_word' id='word_1_90' title='bbox 770 1892 831 1958; x_wconf 81' lang='lat' dir='ltr'><em>illos</em></span> <span class='ocrx_word' id='word_1_91' title='bbox 845 1901 868 1958; x_wconf 79' lang='grc' dir='ltr'>ἁ.</span> <span class='ocrx_word' id='word_1_92' title='bbox 881 1897 985 1959; x_wconf 81' lang='lat' dir='ltr'>Catone</span> 
     </span>
     <span class='ocr_line' id='line_1_15' title="bbox 192 1998 985 2088; baseline 0.004 -26"><span class='ocrx_word' id='word_1_93' title='bbox 192 1998 382 2086; x_wconf 83' lang='lat' dir='ltr'>deprehensos.¹</span> <span class='ocrx_word' id='word_1_94' title='bbox 425 1999 565 2064; x_wconf 86' lang='lat' dir='ltr'>Potuitne</span> <span class='ocrx_word' id='word_1_95' title='bbox 592 2002 660 2084; x_wconf 84' lang='lat' dir='ltr'>plus</span> <span class='ocrx_word' id='word_1_96' title='bbox 689 2000 872 2088; x_wconf 76' lang='lat' dir='ltr'>audioritads</span> <span class='ocrx_word' id='word_1_97' title='bbox 892 2001 985 2065; x_wconf 91' lang='lat' dir='ltr'>tribui</span> 
     </span>
     <span class='ocr_line' id='line_1_16' title="bbox 195 2103 985 2191; baseline 0.001 -22"><span class='ocrx_word' id='word_1_98' title='bbox 195 2103 321 2183; x_wconf 84' lang='lat' dir='ltr'>Catoni,</span> <span class='ocrx_word' id='word_1_99' title='bbox 340 2127 434 2190; x_wconf 82' lang='lat' dir='ltr'>quam</span> <span class='ocrx_word' id='word_1_100' title='bbox 447 2104 470 2168; x_wconf 84' lang='lat' dir='ltr'><strong>fi</strong></span> <span class='ocrx_word' id='word_1_101' title='bbox 482 2106 581 2169; x_wconf 82' lang='lat' dir='ltr'>ebrius</span> <span class='ocrx_word' id='word_1_102' title='bbox 598 2127 717 2191; x_wconf 90' lang='lat' dir='ltr'>quoque</span> <span class='ocrx_word' id='word_1_103' title='bbox 730 2119 794 2169; x_wconf 77' lang='lat' dir='ltr'>tam</span> <span class='ocrx_word' id='word_1_104' title='bbox 808 2106 985 2171; x_wconf 81' lang='lat' dir='ltr'>venerabilis</span> 
     </span>
     <span class='ocr_line' id='line_1_17' title="bbox 194 2205 985 2299; baseline 0 -25"><span class='ocrx_word' id='word_1_105' title='bbox 194 2214 278 2274; x_wconf 85' lang='lat' dir='ltr'>erat?</span> <span class='ocrx_word' id='word_1_106' title='bbox 303 2211 423 2276; x_wconf 83' lang='lat' dir='ltr'>Nostrae</span> <span class='ocrx_word' id='word_1_107' title='bbox 436 2222 537 2275; x_wconf 79' lang='lat' dir='ltr'>tamen</span> <span class='ocrx_word' id='word_1_108' title='bbox 557 2233 654 2278; x_wconf 84' lang='lat' dir='ltr'>eoenae</span> <span class='ocrx_word' id='word_1_109' title='bbox 668 2224 703 2275; x_wconf 94' lang='lat' dir='ltr'>ut</span> <span class='ocrx_word' id='word_1_110' title='bbox 713 2205 869 2297; x_wconf 84' lang='lat' dir='ltr'>apparatus</span> <span class='ocrx_word' id='word_1_111' title='bbox 879 2212 911 2276; x_wconf 74' lang='grc' dir='ltr'>δε</span> <span class='ocrx_word' id='word_1_112' title='bbox 924 2214 985 2299; x_wconf 86' lang='lat' dir='ltr'>im·</span> 
     </span>
     <span class='ocr_line' id='line_1_18' title="bbox 169 2316 986 2403; baseline 0.002 -23"><span class='ocrx_word' id='word_1_113' title='bbox 169 2317 308 2401; x_wconf 17' lang='lat' dir='ltr'>«pendi,</span> <span class='ocrx_word' id='word_1_114' title='bbox 333 2316 372 2380; x_wconf 86' lang='lat' dir='ltr'>fic</span> <span class='ocrx_word' id='word_1_115' title='bbox 396 2317 539 2401; x_wconf 82' lang='lat' dir='ltr'>temporis</span> <span class='ocrx_word' id='word_1_116' title='bbox 565 2320 676 2382; x_wconf 77' lang='lat' dir='ltr'>modus</span> <span class='ocrx_word' id='word_1_117' title='bbox 702 2318 823 2382; x_wconf 84' lang='lat' dir='ltr'>constet.</span> <span class='ocrx_word' id='word_1_118' title='bbox 874 2317 986 2403; x_wconf 82' lang='lat' dir='ltr'>Neque</span> 
     </span>
     <span class='ocr_line' id='line_1_19' title="bbox 194 2420 986 2508; baseline 0.003 -22"><span class='ocrx_word' id='word_1_119' title='bbox 194 2422 277 2486; x_wconf 85' lang='lat' dir='ltr'>enim</span> <span class='ocrx_word' id='word_1_120' title='bbox 291 2422 313 2485; x_wconf 89' lang='lat' dir='ltr'>ii</span> <span class='ocrx_word' id='word_1_121' title='bbox 332 2420 447 2499; x_wconf 87' lang='lat' dir='ltr'>sumus,</span> <span class='ocrx_word' id='word_1_122' title='bbox 467 2445 544 2507; x_wconf 79' lang='lat' dir='ltr'>quos</span> <span class='ocrx_word' id='word_1_123' title='bbox 557 2425 726 2508; x_wconf 77' lang='lat' dir='ltr'>vituperare</span> <span class='ocrx_word' id='word_1_124' title='bbox 739 2445 778 2486; x_wconf 93' lang='lat' dir='ltr'>ne</span> <span class='ocrx_word' id='word_1_125' title='bbox 789 2424 905 2489; x_wconf 86' lang='lat' dir='ltr'>inimici</span> <span class='ocrx_word' id='word_1_126' title='bbox 917 2423 986 2508; x_wconf 87' lang='lat' dir='ltr'>qui·</span> 
     </span>
     <span class='ocr_line' id='line_1_20' title="bbox 194 2526 908 2612; baseline 0.004 -21"><span class='ocrx_word' id='word_1_127' title='bbox 194 2529 264 2591; x_wconf 89' lang='lat' dir='ltr'>dem</span> <span class='ocrx_word' id='word_1_128' title='bbox 278 2526 397 2612; x_wconf 83' lang='lat' dir='ltr'>poflint,</span> <span class='ocrx_word' id='word_1_129' title='bbox 420 2528 474 2593; x_wconf 76' lang='lat' dir='ltr'>nist</span> <span class='ocrx_word' id='word_1_130' title='bbox 488 2542 522 2595; x_wconf 92' lang='lat' dir='ltr'>ut</span> <span class='ocrx_word' id='word_1_131' title='bbox 540 2529 628 2595; x_wconf 73' lang='lat' dir='ltr'>simul</span> <span class='ocrx_word' id='word_1_132' title='bbox 641 2531 773 2595; x_wconf 78' lang='lat' dir='ltr'>laudent.</span> <span class='ocrx_word' id='word_1_133' title='bbox 804 2528 908 2596; x_wconf 74' lang='lat' dir='ltr'>Vale.</span> 
     </span>
    </p>
   </div>
   <div class='ocr_carea' id='block_1_5' title="bbox 0 0 1172 3767">
    <p class='ocr_par' dir='ltr' id='par_1_5' title="bbox 0 0 1172 3767">
     <span class='ocr_line' id='line_1_21' title="bbox 0 0 1172 3767; baseline 0 0"><span class='ocrx_word' id='word_1_134' title='bbox 0 0 1172 3767; x_wconf 95' lang='lat' dir='ltr'> </span> 
     </span>
    </p>
   </div>
  </div>
 </body>
</html>
