2317 3767
436 281 712 336 LlBERV·
909 286 964 337 211

178 442 254 495 nuto
277 429 367 494 audio
391 427 536 508 officium,
563 430 623 493 mei
648 430 822 492 admoneor.
867 427 970 515 Cupio

177 549 208 599 te
221 557 339 619 quoque
350 534 406 599 sub
419 537 500 598 idem
514 549 633 619 tempus
655 534 827 619 Campania
848 547 900 600 tua
922 558 969 600 re·

176 641 287 719 mittat,
308 639 440 725 nequis,
462 661 532 704 cum
547 641 579 703 in
599 643 705 704 urbem
718 637 842 717 rediero,
862 655 970 707 contu-

177 747 281 811 bernio
295 747 393 811 nostro
406 746 469 811 dies
483 759 592 830 pereat.
632 744 721 810 Vale.

204 968 289 1023 xvi.
322 959 794 1046 c.1>i1u1Usunacari1no
819 975 886 1023 auo
910 978 939 1023 s.

147 1120 465 1243 ,Tusnssmus
494 1168 560 1230 haec
587 1165 644 1229 tibi
669 1165 774 1231 scribo.
829 1168 968 1233 Fundani

171 1275 261 1339 nostri
272 1275 335 1338 filia
350 1274 449 1337 minor
463 1272 504 1336 est
517 1269 678 1334 defundiaz
707 1292 766 1354 qua
779 1273 879 1357 puella
891 1273 967 1338 nihil

171 1401 305 1467 unquam
331 1378 474 1456 festivius,
503 1374 676 1452 amabilius,
705 1395 761 1439 nee
787 1379 880 1439 modo
901 1380 968 1441 lon-

171 1487 252 1569 giore
265 1488 339 1565 vita,
355 1486 404 1551 sed
415 1507 506 1570 prope
521 1482 747 1547 immortalitate
762 1479 881 1563 dignius
892 1482 965 1547 vidi.

171 1590 322 1654 Nondum
346 1613 441 1655 annos
467 1587 694 1675 quatuordecim
722 1587 909 1670 impleverat,
937 1589 968 1653 ἀ

168 1694 235 1778 jam
260 1696 304 1758 illi
329 1696 415 1758 anilis
439 1695 607 1777 pmdentia,
635 1693 814 1757 'matronalis
838 1694 967 1776 gravitas

172 1812 254 1863 erat:
278 1801 309 1864 δι
323 1812 424 1862 tamen
449 1796 577 1862 suavitas
591 1799 730 1882 puellaris
744 1819 814 1861 cum
829 1798 968 1882 virginali

172 1904 362 1969 verecundia.
407 1900 453 1968 Ut
471 1903 524 1966 illa
546 1905 637 1987 patris
660 1904 824 1966 cervicibus
838 1904 965 1969 inhaere·

168 2010 241 2076 bat!
266 2022 300 2074 ut
314 2031 370 2073 nos
381 2006 493 2072 amicos
506 2022 645 2092 paternos
658 2010 837 2073 &amanter
853 2011 883 2074 ἃ
897 2031 965 2074 mo·

168 2117 246 2180 deste
269 2112 541 2199 complesiebaturl
568 2126 602 2177 ut
624 2113 752 2178 nutrices
775 2115 806 2179 ἃ
826 2117 965 2200 pedago-

170 2245 235 2307 gos,
256 2237 289 2287 ut
310 2233 515 2305 praeceptores,
544 2239 600 2304 pro
621 2219 673 2285 suo
695 2241 844 2305 quemque
866 2219 965 2285 officio

170 2326 329 2412 diligebat!
361 2347 453 2411 quam
485 2326 621 2402 studiose,
651 2347 743 2410 quam
767 2326 965 2410 intelligenter

171 2431 342 2495 letlitabat!
367 2445 401 2495 ut
422 2453 508 2515 parce
526 2433 724 2517 custoditeque
743 2432 879 2496 ludebat!
903 2454 962 2517 qua

170 2538 223 2600 illa
232 2540 436 2622 temperantia,
459 2559 519 2622 qua
531 2538 683 2621 patientia,
709 2559 769 2623 qua
782 2537 874 2601 etiam
888 2559 961 2602 con-

169 2642 274 2706 stantia
294 2644 481 2707 novissimam
499 2644 702 2707 valetudinem
720 2642 809 2708 tulit!
836 2643 961 2706 medicis

57 2754 61 2765 “
167 2750 393 2836 obsequebatur,
422 2749 565 2826 sororem,
594 2763 708 2833 patrem
737 2749 959 2824 adhortabatur,

168 2853 319 2940 ipsamque
352 2853 382 2917 se
410 2854 577 2918 destitutam
604 2856 735 2939 corporis
761 2853 805 2917 sui
833 2854 958 2931 viribus,

168 2962 268 3045 vigore
284 2962 380 3025 animi
399 2958 573 3041 sustinebat:
601 2961 720 3025 duravit
743 2960 793 3023 hic
812 2957 960 3044 illiusque

214 3086 217 3090 “
519 3064 544 3127 Ρ
566 3083 585 3130 2
