2317 3767
209 281 271 350 370
382 282 416 328 c.
442 278 557 364 ψη.
584 279 847 328 rrrsrornn.

208 421 287 500 suos,
318 426 465 488 duntaxat
486 423 616 487 minores
644 423 796 487 incondito
816 421 1005 505 turbidoque

210 529 339 591 clamore
355 528 550 612 postulaverat
560 528 662 603 fimul,
677 529 708 592 δι
722 528 909 612 opprefferat.
936 526 1005 612 Ego

208 636 239 699 δι
261 632 433 709 modestius,
459 634 490 697 δι
514 633 693 696 constantius
714 635 871 698 arbitratus
892 633 1003 696 imma·

211 738 363 802 niffinrum
386 758 471 803 reum
485 756 547 801 non
561 739 718 802 communi
739 753 909 822 temporum
924 739 1004 801 invi-

211 844 271 921 dia,
306 842 355 905 sed
380 844 499 926 proprio
522 844 647 907 crimine
672 865 786 927 urgere.
832 844 917 909 Cum
938 845 1005 928 jam

211 947 279 1013 satis
301 948 352 1011 ille
371 950 486 1033 primus
508 949 643 1031 impetus,
658 946 859 1025 deferbuiffet,
885 951 915 1013 &
937 951 1005 1039 lan7

212 1054 330 1138 guidior
343 1056 376 1117 in
397 1055 460 1117 dies
481 1055 524 1117 ira
539 1056 576 1116 ad
590 1054 735 1138 justitiam
757 1053 885 1131 rediffet,
908 1077 1004 1138 quan·

212 1181 305 1244 quarn
327 1171 393 1223 tum
408 1160 540 1223 maxime
555 1158 643 1221 tristis
664 1159 767 1223 amissa
791 1181 887 1244 nuper
900 1181 1006 1238 uxore,

214 1265 301 1349 mitto
315 1266 353 1327 ad
364 1265 508 1350 Antejam
531 1267 636 1349 (nupta
658 1266 723 1328 haee
737 1265 883 1329 Helvidio
896 1263 1005 1345 fuerat)

214 1393 286 1455 rogo
311 1383 345 1434 ut
365 1371 477 1446 veniat,
505 1370 574 1455 quia
596 1391 645 1432 me
666 1392 767 1433 recens
788 1372 886 1433 adhuc
906 1371 1007 1433 unus

215 1478 320 1541 limine
342 1476 517 1540 contineret.
562 1475 609 1539 Ut
633 1476 727 1551 venit,
754 1475 934 1560 Destinatum
954 1478 1005 1558 cst,

120 1565 123 1571 ¹
215 1585 338 1669 inquam
359 1582 440 1659 mihi,
463 1582 599 1650 maritum
621 1597 701 1646 tuum
725 1606 778 1645 non
793 1582 912 1647 inultum
926 1582 1005 1667 pati,

215 1691 318 1755 nuncia
339 1688 438 1754 Arriae
453 1689 488 1754 iu*
504 1688 622 1752 Fannia
642 1690 693 1772 (ab
706 1688 796 1752 exilio
814 1688 896 1753 enim
910 1688 1006 1750 redie-

215 1792 294 1875 rant)
320 1794 427 1880 consule
446 1808 485 1872 te,
501 1793 609 1880 consule
630 1793 705 1869 illas,
729 1816 770 1855 an
791 1792 888 1856 velitis
901 1792 1009 1877 ascribi

207 1902 305 1987 facio,
329 1901 358 1964 in
373 1924 424 1985 quo
444 1924 491 1984 ego
517 1899 613 1963 comite
635 1923 687 1962 non
702 1922 775 1982 egeo.
819 1898 879 1960 Sed
896 1897 1007 1961 nonita

212 2007 314 2090 gloriae
327 2031 394 2070 meae
398 2006 543 2092 faverim,
554 2010 597 2069 'ut
609 2003 689 2068 vobis
697 2003 862 2089 societatem
880 2005 940 2087 ejus
958 2002 1005 2066 in-

216 2112 339 2179 videam.
391 2109 506 2175 Perfert
533 2109 646 2195 Anteja
673 2113 833 2180 mandata:
866 2129 921 2171 nec
945 2109 1007 2172 illae

217 2198 384 2287 morantur.
429 2214 607 2299 Opportune
623 2214 748 2279 Senatus
762 2215 839 2277 intra
853 2214 933 2276 diem
947 2228 1007 2278 ter·

218 2323 305 2385 tium.
344 2318 461 2386 Omnia
474 2342 529 2404 ego
543 2320 656 2403 semper
666 2323 704 2384 ad
719 2319 887 2384 Corellium
907 2320 1007 2395 retuli,

175 2489 177 2494 .
218 2449 308 2512 quem
322 2425 579 2512 prudentiffimum
599 2425 695 2489 aetatis
712 2425 818 2489 nostrae
840 2423 1008 2508 sapientiffi-

219 2555 363 2618 mumque
391 2532 539 2615 cognovi:
575 2532 608 2595 in
637 2532 695 2594 hoe
723 2544 825 2594 tamen
853 2541 1010 2593 contentus
1102 2516 1106 2523 ¹

218 2639 340 2705 consiliu
364 2659 434 2702 meo
460 2635 517 2715 fui,
548 2637 660 2700 vetitus
692 2658 731 2699 ne
756 2648 878 2701 vetarer.
922 2633 1010 2718 (Erat

219 2747 301 2810 enim
314 2743 512 2820 eunuantror,
535 2737 718 2825 cautiorque)
742 2740 868 2805 sednon
889 2739 1009 2803 sustinui

219 2851 359 2917 inducere
372 2850 404 2913 in
418 2845 566 2924 animum,
587 2869 648 2931 quo
662 2847 764 2912 minus
782 2847 828 2910 illi
842 2849 949 2910 eodem
962 2845 1010 2909 die

219 2953 370 3021 fae’rururn
397 2975 447 3037 me
473 2954 659 3017 indicarem:
692 2955 773 3036 quod
801 2973 841 3016 an
866 2950 1008 3029 facerem,
