2317 3767
211 232 273 322 348
385 253 846 303 c.rrru.rr1s⁷roran.

208 416 331 460 morum
360 397 507 473 incuriofi,
544 398 707 482 longinqua
743 397 909 461 seciemur:
953 394 1004 461 seu

208 504 290 586 quod
318 503 456 566 emnium
481 524 582 566 rerum
607 504 715 587 cupido
737 502 909 587 languescit,
933 524 1006 566 cum

208 605 304 671 facilis
324 606 436 673 occasio
457 607 518 670 est:
549 607 600 670 seu
624 610 706 692 quod
731 607 909 685 differimus,
936 620 1005 696 tan7

206 711 397 797 quamsaepe
422 712 524 789 visuri,
547 715 627 798 quod
652 716 740 776 datur
753 714 864 789 videre,
885 700 1009 797 quoties

208 818 292 880 velis·
307 837 436 881 cemete.
480 818 670 902 Qacunque
684 820 721 881 de
734 817 838 895 causa,¹
855 819 1009 902 permulta.

208 922 339 991 inurbe
367 923 475 999 nostra,
493 924 640 1008 juxtaque
668 926 787 1000 urbem,
817 943 878 984 non
907 923 1003 986 oculis

209 1029 312 1104 modo,
329 1027 378 1090 sed
394 1049 432 1091 ne
452 1028 575 1113 auribus¹
588 1029 711 1112 quidem
726 1027 877 1100 novimus.
922 1027 1005 1112 Qrae
1076 1052 1077 1059 ¹

208 1132 353 1196 situliliet
368 1133 495 1210 Achaia,
517 1133 680 1218 AEgyptus‚
704 1132 786 1210 Afia,
810 1133 905 1194 aliave
919 1153 1004 1215 quae·

208 1240 283 1302 libet
317 1239 534 1302 miraculorum
573 1235 659 1301 ferax
710 1238 1005 1320 commendatrixque

210 1356 297 1420 terra,
331 1345 444 1421 audita,
484 1344 624 1427 perlecta,
663 1343 840 1426 lustrataquc
877 1343 1004 1405 habere—

209 1468 288 1513 mus.
334 1449 400 1534 Ipse
424 1463 502 1512 certe
527 1470 632 1534 nuper,
663 1451 755 1533 quod*
771 1469 825 1511 nec
850 1449 1004 1511 audieram

209 1568 290 1639 ante,
312 1576 366 1619 nec
385 1557 530 1630 videram,
551 1555 632 1617 audii
653 1555 760 1638 pariter
774 1555 804 1617 &
820 1553 894 1617 vidi.
938 1553 1003 1617 Ex-

210 1674 308 1744 egerat
321 1660 454 1744 prosocer
479 1680 577 1736 meuc,
604 1659 934 1742 utAmcrinapraedia
952 1658 1005 1722 sua

210 1765 393 1850 inspicerem.
414 1800 418 1809 »
438 1765 516 1830 Haec
542 1766 759 1848 perambulanti
777 1765 852 1828 mihi
874 1764 1003 1828 ostendi-

209 1884 259 1935 tur
276 1869 429 1959 subjacens
450 1873 543 1947 lacus,
564 1872 687 1933 nomine
703 1869 893 1947 Vadimonis,
915 1870 1006 1936 sunul

209 1978 349 2063 quaedam
364 1976 547 2039 incredibilia
562 1989 729 2049 narrantur.
765 1974 898 2056 Perveni·
907 1977 945 2038 ad
956 1976 1002 2059 ip-

209 2079 288 2143 sum.
332 2078 433 2144 Lacus
454 2081 494 2143 est
515 2082 547 2143 in
570 2081 792 2145 fimilitudinem
811 2083 938 2165 jacentis
953 2103 1003 2161 ross

209 2196 250 2249 tae
263 2184 508 2269 circumscriptus,
535 2187 566 2249 &
588 2187 719 2269 undique
741 2187 876 2269 aequaIiS‚
902 2188 1005 2250 nullus

209 2290 300 2367 finus,
317 2290 477 2377 obliquitas
499 2291 594 2366 nulla,
615 2292 717 2353 omnia
741 2290 890 2367 dimensa,
905 2292 1002 2374 paria,

211 2397 241 2460 δι
257 2395 338 2481 quasi
352 2395 473 2460 artificis
488 2417 580 2459 manu
597 2409 701 2458 cavata
714 2398 747 2460 δι’
757 2396 862 2467 excisa.
907 2396 1006 2462 Color

210 2503 337 2567 caeruleo
352 2502 490 2579 albidior,
516 2502 650 2578 viridior,
665 2503 696 2565 ἃ
710 2500 828 2586 preffior
845 2527 853 2565 ε
883 2501 1005 2587 sulphu-

210 2609 250 2673 ris
262 2611 347 2686 odor,
366 2607 507 2693 saporque
521 2609 697 2685 medicatus,
713 2609 759 2671 vis
773 2629 833 2692 qua
845 2605 944 2673 fracta
957 2606 1005 2671 so·

209 2716 352 2803 lidantur.
397 2713 533 2798 Spatium
545 2714 711 2790 modicum,
724 2714 804 2797 quod
821 2725 922 2776 tamen
937 2713 1004 2776 sen-

211 2820 265 2889 tiat
280 2833 397 2903 ventor,
420 2821 451 2883 ὅτ
470 2818 611 2897 fluciibus
631 2817 815 2903 intumescat.
858 2819 958 2883 Nulla
972 2822 1005 2883 in

210 2927 270 2990 hoc
282 2925 368 2991 navis
394 2922 485 3011 (sacer
505 2924 587 2987 enim
602 2919 654 3003 est)
678 2921 726 2987 sed
750 2924 887 2993 innatant
900 2925 1006 2990 inlulae
