2317 3767
853 2 1106 10 7-ν--ι----η---ψ-ψ-ή---ψ--ψ-

325 288 712 336 ‚urrunnu
892 286 950 354 103

160 433 212 510 tis,
234 431 386 498 valetudo.
432 430 506 496 Erat
524 433 569 495 illi
594 444 683 496 natus
697 428 868 496 insanabilis
888 430 950 493 cla·

161 562 230 616 vus,
256 539 346 623 cujus
370 538 461 601 taedio
475 540 514 601 ad
533 552 663 601 mortem
676 537 861 601 irrevocabili
879 556 951 600 con-

162 645 267 708 stantia
280 645 420 719 decurrit,
444 642 536 728 usque
548 646 587 706 ad
599 643 770 728 supremum
785 644 866 706 diem
878 645 951 707 bea-

163 765 212 813 tus
225 751 257 814 δι
270 746 371 825 foelix,
396 749 450 812 nisi
464 751 544 833 quod
558 750 706 812 minorem
720 745 738 811 ἒ
760 749 861 816 liberis
874 751 950 814 duo-

163 858 221 919 bus
234 855 342 931 amisrt,
364 853 413 917 sed
433 855 580 939 majorem
594 854 819 937 melioremque,
840 854 951 919 doren-

163 975 238 1040 tem,
265 973 355 1045 atque
368 960 460 1023 etiam
475 959 683 1036 Consularem,
706 960 834 1043 reliquit.
879 959 954 1025 1.ae-

162 1067 240 1131 serat
272 1064 388 1129 famam
421 1064 505 1129 suam
534 1065 589 1129 sub
615 1064 753 1143 Nerone,
780 1067 954 1130 credebatur

163 1172 267 1256 sponte
286 1169 438 1235 accusasse.
484 1171 542 1234 Sed
567 1172 600 1233 in
616 1170 732 1234 Vitellii
756 1171 888 1235 amicitia
908 1170 953 1234 sa-

163 1278 282 1362 pienter
294 1277 334 1354 se,
359 1278 527 1341 &comiter
547 1275 681 1360 gesserat.
726 1273 774 1339 Ex
789 1275 954 1341 Proconsu-

165 1387 232 1448 latu
247 1383 327 1449 Afiae
344 1384 469 1467 gloriam
494 1393 712 1466 reportaveratz
736 1382 887 1444 maculam
902 1403 954 1445 ve-

164 1491 237 1553 teris
261 1489 411 1553 industriae
435 1488 578 1551 laudabili
606 1487 669 1552 otio
693 1486 839 1548 abluerat.
885 1485 956 1550 Fuit

134 1607 138 1613 ’
168 1596 246 1658 inter
257 1595 404 1679 principes
417 1593 546 1657 civitatis
559 1592 619 1656 sure
632 1591 776 1677 potentia,
796 1590 857 1654 sane
877 1591 956 1656 invi·

170 1701 233 1761 dia.
276 1700 474 1777 Salutabatur,
509 1699 672 1776 colebatur,
701 1699 892 1781 multumque
923 1699 956 1762 in

169 1805 281 1870 leudo
289 1806 403 1891 jacens,
423 1805 561 1870 cubiculo
574 1804 689 1889 semper
702 1825 764 1868 non
777 1825 818 1867 err
835 1800 957 1869 fortuna

167 1911 328 1999 frequenti.
374 1914 559 1979 Doctiffimis
583 1913 767 1978 sermonibus
790 1917 853 1979 dies
874 1929 956 1981 tran-

169 2021 291 2105 figebat,
317 2042 388 2084 curn
413 2023 431 2085 Ξ
456 2019 609 2084 scribendo
633 2033 761 2084 vacaret.
806 2020 957 2087 Scribebat

170 2126 311 2190 carmina·
320 2128 433 2210 majore
452 2145 524 2189 cura
548 2146 640 2210 quam
661 2127 792 2209 iugenio,
817 2147 958 2192 nonnun-

170 2253 264 2316 quam
282 2232 396 2317 judicia
420 2232 581 2295 hominum
603 2233 823 2297 recitationibus
842 2234 960 2318 experi-

172 2340 288 2401 ebatur.
331 2336 501 2402 Novtffime
528 2338 571 2400 ita
595 2336 784 2402 suadentibus
808 2340 895 2403 annis
920 2341 959 2403 ab
1002 2337 1006 2343 ’

174 2445 247 2506 urbe
259 2442 379 2520 seeeffit,
402 2443 489 2527 seque
502 2443 535 2506 in
549 2442 720 2527 Campania
733 2444 839 2522 tenuit,
856 2466 898 2509 -ac
920 2465 959 2509 ne

173 2550 303 2613 adventu
316 2548 438 2633 quidem
452 2525 536 2613 novi.
545 2548 685 2635 principis
698 2550 766 2613 inde
790 2562 961 2614 commotus

172 2653 225 2717 est.
270 2654 390 2738 Magna
412 2653 540 2720 Caesarie
561 2656 637 2732 laus,
661 2653 714 2722 sub
728 2677 789 2739 quo
804 2657 862 2719 hoe
883 2657 962 2718 libe·

174 2779 244 2822 rum
258 2756 334 2823 fuit:
362 2779 472 2843 magna
485 2761 565 2831 illius
579 2762 632 2845 qui
645 2760 702 2824 hac
726 2757 860 2825 libertate
874 2757 961 2823 ausus

174 2864 217 2928 est
230 2866 285 2930 uti.
331 2864 405 2929 Erat
418 2864 601 2947 Φιλόκαλθ»
624 2865 715 2951 usque
736 2868 776 2930 ad
797 2866 961 2929 emacitatis

175 2970 441 3055 reprehensionem.
485 2972 590 3039 Plures
604 2971 707 3037 iisdem
729 2973 761 3036 in
778 2971 852 3037 locis
876 2973 962 3038 villas

546 3078 625 3158 H4
890 3091 893 3098 ·
