2317 3767
234 267 294 318 122
386 269 438 340 stc.
468 268 581 315 run·
613 270 871 317 nursronnn.

230 404 398 492 impertiam
408 407 478 472 tuis.
521 405 638 491 Adjicis
652 406 704 472 M.
718 406 862 471 Tullium
876 411 954 475 mira
966 415 1020 477 be.

228 510 371 593 nignitate
395 514 553 595 poetarum
580 513 699 597 ingenia
724 509 840 578 fovisse.
875 515 942 580 *Sed
964 540 1022 603 ego

228 636 284 678 nec
295 619 444 700 rogandus
456 617 522 680 sum
536 638 592 680 nec
604 619 778 685 hortandus.
822 619 909 684 Nam
919 623 950 686 &
963 645 1018 708 po-

227 723 324 788 eticen
341 723 434 810 ipsam
453 723 660 808 religiosissime
686 746 821 801 veneror,
850 728 925 790 &te
943 730 1019 793 vali·

227 829 342 892 diffime
362 830 465 913 diligo.
521 829 644 893 Faciam
659 851 740 914 ergo,
760 833 841 915 quod
862 831 1017 912 desideras,

227 948 291 997 tam
309 937 475 1019 diligenter,
501 957 594 1020 quam
608 936 743 999 libenter.
790 935 904 999 Videor
917 952 1019 1003 autem

223 1040 289 1125 jam
304 1063 385 1104 nunc
398 1042 477 1126 poffe
491 1041 658 1118 rescnhere,
674 1040 733 1106 effe
748 1063 823 1125 opus
844 1044 1015 1127 pulchrum,

226 1167 282 1222 nee
292 1145 546 1231 supprimendum,
561 1159 708 1232 quantum
723 1147 865 1212 aestimare
880 1150 964 1212 licuit
977 1172 1015 1217 ex

225 1253 275 1330 iis,
300 1275 368 1337 quae
392 1274 443 1316 me
467 1252 609 1338 praesente
628 1253 770 1317 recitasti:
800 1252 1018 1319 fimodomihi

226 1380 288 1435 non
317 1358 455 1444 imposuit
475 1361 609 1425 recitatio
628 1373 691 1425 tua.
736 1358 826 1445 Legis
841 1363 924 1432 enim
948 1362 1014 1426 sua-
1150 1359 1151 1382 ²

221 1464 341 1529 visione
372 1468 402 1531 ἃ
432 1466 611 1551 peritiffime.
662 1465 794 1532 Confido
827 1479 941 1546 tamen,
967 1492 1019 1535 me

225 1593 288 1635 non
308 1572 346 1636 fic
368 1573 489 1637 auribus
507 1573 588 1650 duci,
612 1585 646 1636 ut
669 1594 775 1637 omnes
796 1574 890 1637 aculei
909 1575 1018 1658 judicii

225 1678 286 1741 mei
308 1678 428 1740 illarum
452 1678 653 1746 delinimentis
678 1678 898 1763 restringantur,
923 1681 1018 1745 hebe-

224 1787 325 1862 tentur
337 1780 453 1846 fortasse
468 1784 669 1867 &paululum
688 1786 894 1862 retundantur,
913 1789 1018 1853 revelli
1038 1785 1041 1789 ’

223 1882 359 1973 quidem,
388 1891 614 1975 extorquerique
646 1913 708 1954 non
737 1891 865 1974 poffunt.
919 1891 1017 1975 Igitur

224 2013 286 2057 non
300 2009 410 2059 temere
415 1997 483 2081 jam
493 2017 573 2060 nunc
584 1997 622 2059 de
631 1996 814 2060 univerfitate
828 1999 1013 2080 pronuncioe

223 2102 261 2166 de
271 2102 404 2185 partibus
418 2102 561 2186 experiar,
577 2102 712 2186 legendo.
759 2102 847 2165 Vale.

298 2333 384 2392 xv1‚
412 2335 452 2378 'c-
479 2333 627 2379 PLINIUS
651 2331 784 2378 NEPOTI
810 2334 878 2381 SUO
906 2337 935 2381 S·

224 2475 474 2594 Annornssn
489 2526 592 2589 videor
601 2524 692 2603 falla,
716 2528 851 2612 dietaque
866 2529 1012 2607 virorum,

223 2626 477 2714 foeminarumque
491 2631 647 2696 illustrium
650 2649 664 2710 ,·
674 2633 733 2696 alia
740 2635 864 2697 clariora
874 2634 942 2711 elle,
954 2637 1014 2699 alia

223 2736 359 2822 majora:
391 2736 565 2801 confirmata
590 2739 630 2801 est
658 2741 759 2824 opinio
784 2762 852 2803 mea
875 2741 1013 2805 hesterno

226 2841 352 2909 Fanniae
379 2842 524 2930 sermone.
568 2844 680 2929 Neptis
704 2847 770 2910 haee
795 2845 893 2910 Arriae
917 2847 1010 2923 illius,

223 2971 291 3035 quae
313 2950 472 3014 marito&
496 2948 635 3015 solatium
659 2953 766 3016 mortis
789 2952 1013 3037 &exemplum
