2317 3767
233 286 297 349 420
398 288 431 334 c.
458 289 572 334 rim.
599 287 853 333 ectsioten.

234 429 409 492 eleclionem
424 430 482 493 loci
501 429 576 491 mihi
590 430 767 492 obtulerant.
812 429 870 493 Sed
880 407 1024 512 'priinum

236 556 314 611 mea,
330 535 434 597 deinde
449 535 539 617 patris
559 535 604 596 tui
625 536 806 612 valetudine,
829 533 926 617 polica
943 532 1025 595 cutis

236 639 361 721 delegati
386 640 403 702 i
426 639 511 702 vobis
532 637 623 701 officii
648 652 788 715 retentus,
819 660 899 701 nunc
921 638 1026 700 videor

236 742 469 805 commodissime
492 742 571 826 polle
585 744 617 806 in
640 764 703 806 rem
726 742 896 827 praesentem
917 762 1023 804 excur-

238 868 312 910 rere.
349 847 435 911 Nam
448 848 479 911 &
490 848 673 910 menstruum
690 869 792 911 meum
807 848 935 913 Calend.
950 847 1025 930 Sep·

239 954 361 1015 tembtis
383 952 496 1029 finitur,
528 955 559 1017 ἃ
577 950 702 1037 vsequens
727 953 832 1016 mensis
857 954 1025 1036 complures

239 1057 302 1120 dies
326 1055 445 1120 feriatos
470 1057 568 1122 habet.
619 1058 707 1141 Rogo
731 1048 801 1141 erge
829 1070 897 1120 ante
921 1058 1027 1120 omitia

239 1160 392 1246 permittas
414 1163 489 1226 mihi
511 1184 598 1246 opus,
627 1166 707 1246 quod
732 1164 922 1226 inchoaturus
945 1162 1025 1238 sum,

240 1284 381 1329 exornare
395 1268 426 1330 &
440 1278 491 1330 tua
505 1268 616 1331 statuas
643 1264 760 1343 deinde,
787 1282 821 1331 ut
842 1270 899 1331 hoc
914 1264 1025 1342 facere,

241 1394 333 1457 quam
347 1370 538 1438 maturlffime
558 1372 674 1457 poffim,
698 1373 850 1456 indulgeas
874 1394 1027 1436 commea-

242 1491 320 1541 tum.
364 1479 440 1543 Non
452 1478 492 1541 est
506 1491 607 1541 autem
623 1478 814 1562 simplicitatis
837 1499 923 1553 meae,
946 1477 1028 1540 dissi-

243 1585 357 1646 mulare
382 1585 459 1667 apud
478 1585 641 1645 bonitatem
656 1596 751 1659 tuam,
773 1584 869 1646 obiter
890 1595 918 1644 te
932 1583 1028 1665 pluti-

244 1710 329 1751 mum
340 1689 518 1752 collaturum
528 1670 704 1753 utilitatibus
718 1689 760 1751 rei
769 1678 924 1750 familiasis
937 1706 1026 1750 meae.

244 1793 394 1876 Agrorum
408 1793 489 1855 enim
503 1814 577 1877 quos
596 1794 627 1856 in
642 1796 747 1856 eadem
760 1792 877 1875 regione
887 1791 1028 1875 poffideo,

244 1898 351 1961 locatio
372 1919 441 1961 cum
455 1894 564 1981 alioqui
589 1916 695 1962 cccc.
719 1901 852 1975 excedat,
875 1900 949 1959 adeo
964 1918 1029 1959 non

245 2001 335 2086 potest
349 2001 472 2079 differri,
496 2017 530 2065 ut
542 1998 710 2087 proximam
731 2005 913 2087 putationem
933 2024 1030 2064 novus

245 2108 368 2170 colonus
382 2104 477 2170 facere
491 2110 605 2172 debeat.
641 2108 796 2183 Praeterea,
811 2108 1030 2175 continuae&-

246 2213 368 2275 tilitates
389 2226 498 2295 cogunt
519 2233 569 2275 me
592 2215 629 2276 de
650 2213 866 2277 remissionibus
889 2214 1028 2296 cogitare,

246 2338 373 2401 quarum
387 2319 531 2380 rationem
542 2317 594 2380 nisi
606 2318 729 2402 praesens
740 2317 814 2381 inite
826 2339 887 2381 non
901 2316 1029 2402 polium.

250 2424 357 2488 Debeo
374 2444 443 2506 ergo
458 2423 601 2495 ,Domine
614 2424 804 2506 indulgentiae
826 2436 897 2498 tuae,
923 2424 954 2486 δι
967 2423 1034 2506 pie·

249 2529 302 2594 tati
324 2551 401 2593 meae
417 2528 609 2605 celeritatem,
633 2523 665 2592 ὅτ
684 2528 845 2591 statuarum
870 2527 1033 2590 ordinatio-

250 2626 332 2711 net'n,
352 2635 374 2698 st
388 2635 464 2698 mihi
484 2636 523 2697 ob
538 2648 660 2717 utraque
674 2634 739 2696 haec
752 2634 866 2694 dederis
880 2652 1034 2694 commea·

251 2753 317 2803 tum
343 2741 462 2824 triginta
482 2741 610 2802 dierum.
654 2737 764 2823 Neque
785 2734 866 2800 enim
886 2737 1035 2819 angustius

252 2860 369 2937 tempus
383 2844 527 2930 praefinire
545 2838 681 2926 pollum,'
694 2864 765 2906 cum
777 2843 808 2906 δι
823 2842 1034 2925 municipium,
