2317 3767
189 261 252 310 210
361 260 394 306 C·
425 261 537 306 PLsN.
569 260 829 310 EPISTULAR·

189 401 371 467 meritiffima
394 399 514 479 fruitur,
541 401 590 466 sed
612 404 708 486 longis
731 401 904 487 magnisque
928 426 986 485 est-¹

188 509 368 597 perimentis.
407 508 480 571 Una
490 508 653 592 diligimus,
670 530 731 572 una
741 509 901 575 dileximus
915 531 988 575 om*

190 636 244 679 nes
268 612 340 691 sere,
371 634 446 698 quos
471 626 543 676 actas
572 613 670 677 nostra
698 613 729 676 in
760 626 885 698 utroque
913 614 984 679 sexu
1009 700 1011 703 Ι

190 722 375 783 aemulandos
386 721 471 783 tulit:
489 741 558 803 quae
572 718 692 783 societas
704 719 905 785 amicitiarum
919 742 985 785 arc-

190 826 298 890 tisltma
331 845 385 888 nos
414 821 616 887 familiaritate
641 825 808 910 conjunxit.
858 823 986 889 Acceffit

192 932 349 994 vinculum
371 931 587 994 necessitudinis
610 932 748 1014 publicae.
796 930 985 995 Idemenim

112 1048 115 1051 '
194 1037 282 1114 mihi,
298 1039 344 1121 (ut
354 1031 420 1115 scis)
440 1038 554 1120 collega
567 1036 648 1121 quasi
659 1051 730 1099 voto
737 1037 849 1120 'petitus
863 1037 894 1099 in
907 1059 984 1120 prae-

191 1140 305 1205 sectura
313 1144 409 1205 aerarii
422 1140 498 1212 fuit:
518 1140 621 1206 fuit&
635 1144 668 1206 in
683 1141 861 1207 Consulatu.
894 1142 983 1208 Tum

193 1269 249 1330 ego
262 1248 314 1331 qui
333 1249 391 1325 vir,
414 1249 587 1332 &quantus
602 1247 683 1325 esset,
708 1249 843 1312 altissime
862 1248 983 1333 inspexi,

193 1375 264 1419 cum
277 1353 410 1438 sequerer
423 1368 457 1418 ut
470 1354 655 1438 magistrum,
681 1367 715 1416 ut
730 1368 882 1437 parentem
901 1375 985 1416 vere-

194 1482 241 1524 rer
251 1485 260 1523 :⁴
290 1463 371 1543 quod
393 1481 454 1522 non
480 1472 543 1522 tam
565 1460 661 1522 aetatis
683 1461 864 1536 maturitate,
894 1481 986 1543 quani

196 1568 267 1630 vitae
297 1566 477 1628 merebatur.
523 1563 583 1626 His
609 1585 647 1626 ex
673 1563 778 1642 causis,
807 1579 840 1629 ut
866 1566 921 1643 illi,
949 1565 987 1628 stc

195 1672 272 1735 mihi
285 1671 428 1753 gratulor,
452 1688 507 1731 nec
529 1669 670 1752 privatim
688 1670 783 1754 magis
799 1692 890 1755 quam
911 1674 988 1754 pub·

196 1777 263 1852 lice,
290 1776 371 1859 quod
392 1776 514 1841 tandem
540 1776 680 1839 homines
701 1797 764 1859 non
787 1780 825 1840 ad
847 1779 986 1860 pericula,

197 1893 231 1944 ut
241 1881 334 1964 prius,
355 1895 462 1944 verum
478 1884 515 1943 ad
531 1882 658 1945 honores
671 1883 781 1947 virtute
799 1885 985 1966 perveniunt.

199 1985 215 2050 Ι
218 2008 239 2049 n
253 1986 406 2051 infinitum
419 1986 571 2071 epistolam
582 1990 752 2064 extendam,
767 1987 908 2070 figaudio
921 2009 990 2055 meo

198 2093 379 2175 indulgeam.
425 2091 591 2154 Praevertor
610 2095 647 2155 ad
670 2115 717 2171 ea,
740 2115 809 2177 quac
831 2114 881 2157 me
900 2115 989 2176 agen·

197 2211 261 2262 tem
274 2198 324 2261 hic
338 2199 464 2261 nuncius
478 2198 682 2281 deprehendit.
728 2198 822 2263 Eram
837 2221 907 2263 cum
919 2221 989 2283 pro‹

197 2302 297 2368 socero
311 2325 391 2380 me0,
407 2325 488 2366 eram
503 2324 573 2366 curn
588 2305 680 2367 amita
692 2307 804 2383 uxoris,
822 2326 905 2368 eram
919 2326 997 2368 curn.

199 2409 303 2472 amicis
317 2410 369 2472 diu
383 2408 561 2487 defideratis,
583 2405 778 2475 circumibam
793 2412 914 2496 agellos,
934 2433 989 2474 au·
1029 2400 1033 2405 ’

198 2516 318 2579 diebarn
332 2517 464 2579 multum
485 2515 658 2580 rusticarum
672 2519 877 2600 querelarum:
900 2519 990 2581 ratioss

199 2643 253 2687 nes
267 2623 403 2706 legebam
416 2623 529 2686 invitus
542 2623 572 2686 dt
587 2621 694 2687 cursim
720 2624 798 2708 (aliis
808 2624 890 2689 enim
904 2623 991 2687 charss

199 2729 251 2805 tis,
276 2728 343 2793 aliis
363 2727 430 2792 sum
446 2728 538 2793 literis
559 2724 705 2807 initiatus)
729 2750 879 2814 coeperam
900 2730 994 2795 etiam

200 2835 298 2899 itineri
326 2855 376 2898 me
400 2852 678 2918 praepararetnam
701 2834 837 2898 includor
854 2833 993 2918 angustiis

201 2952 399 3020 commeatus,
413 2961 508 3026 eoque
531 2939 607 3024 ipso,
628 2941 709 3023 quod
733 2941 903 3024 delegatum
914 2939 993 3007 Cor-
