2317 3767
99 2301 116 2350 2

197 251 258 322 162
368 272 402 318 c.
432 272 546 318 mn.
578 268 839 314 merom.

192 415 269 477 meis
282 425 316 476 tu
329 411 494 497 potissanus
516 411 634 496 adjutor
648 407 810 485 accesseris,
834 407 922 492 cujus
937 408 989 473 Se-

177 532 281 583 ·natus
294 520 325 581 δι
338 515 478 600 suffugio
495 515 685 582 libentissime
699 514 863 599 indulgeat,
889 516 920 580 ἃ
934 514 990 579 tes-

192 624 321 688 timonio
333 622 499 707 plurimum
517 623 628 687 credat.
674 620 763 685 Vale.

230 853 316 898 XVI·
355 852 389 897 C·
414 852 563 898 PLINIUS
595 852 763 899 VALERIO
792 852 956 899 PAULINO

532 959 601 1005 SUO
627 959 657 1006 S·

198 1102 360 1218 Geune
388 1172 468 1230 meo,
491 1154 589 1236 gaude
603 1165 667 1229 tuo,
691 1153 787 1236 gaude
809 1154 901 1218 etiam
915 1154 991 1235 pub-

196 1257 257 1320 lico
266 1257 400 1320 nomine.
429 1256 541 1321 Adhuc
551 1259 649 1321 honor
657 1256 758 1321 studiis
773 1259 870 1321 durat.
898 1257 994 1322 Prox-

199 1362 260 1426 ime
284 1379 356 1425 cum
378 1362 512 1426 dicimus
541 1365 620 1447 apud
646 1361 863 1428 Centumviros
890 1363 993 1441 essem,

195 1470 326 1533 adeundi
348 1468 425 1531 mihi
447 1473 543 1544 locuS,
566 1468 621 1532 nisi
643 1469 662 1531 ἃ
683 1469 838 1546 tribunali,
864 1470 916 1533 nifi
940 1491 994 1553 per

199 1575 275 1660 ipsos
293 1576 423 1661 judices,
450 1571 602 1638 nonfuit:
628 1586 711 1638 tanta
723 1574 876 1658 stipatione
889 1589 995 1640 caetera

195 1685 382 1747 tenebantur.
430 1679 482 1744 Ad
506 1682 565 1744 hoc
588 1680 712 1765 quidam
742 1695 863 1745 ornatus
891 1683 993 1746 adole·
1112 1758 1117 1766 ·

197 1786 291 1864 scens,
307 1785 393 1850 scisfis
407 1786 528 1864 tunicis,
549 1799 583 1850 ut
602 1788 634 1850 in
649 1785 816 1872 frequentia
829 1785 913 1864 solet,
933 1786 993 1850 sola

197 1894 312 1956 velatus
331 1905 401 1978 toga
415 1893 549 1977 perstitit,
579 1895 611 1956 ἃ
625 1893 748 1978 quidem
762 1893 844 1957 horis
869 1891 991 1977 septem.

198 1999 285 2065 Nam
299 2002 415 2064 tamdiu
429 2001 504 2077 dixi,
520 2020 633 2082 magno
651 2020 722 2063 cum
736 2001 849 2075 labore,
864 1998 913 2061 sed
928 2019 994 2061 ma·
1054 1993 1057 1998 ’

193 2106 260 2190 jore
274 2125 345 2169 cum
360 2103 472 2168 fruciu.
511 2104 691 2169 Studeamus
710 2126 792 2189 ergo,
810 2125 865 2169 nec
879 2103 996 2168 defidiae

165 2282 172 2298 ἱ
198 2210 304 2274 nostrae
318 2213 538 2295 praetendamus
553 2211 694 2273 alienam.
740 2211 817 2275 Sunt
835 2212 887 2296 qui
908 2211 994 2273 audi-

96 2383 102 2396 ,
199 2330 262 2393 ant,
293 2314 361 2380 sunt
385 2316 438 2401 qui
452 2316 564 2398 legant,
592 2337 647 2379 nos
670 2319 764 2380 modo
788 2318 914 2399 dignum
939 2316 997 2378 ali«

199 2422 271 2505 quid
283 2423 414 2500 auribus,
427 2421 553 2507 dignum
566 2422 677 2486 chartis
686 2424 885 2487 elaboremus.
904 2421 993 2486 Vale.

264 2652 370 2699 xvu.
406 2652 439 2697 C·
467 2652 616 2697 PLINIUS
639 2652 764 2699 GALLO
793 2651 861 2698 SUO
887 2654 916 2698 S.

202 2799 275 2910 Er
307 2848 462 2921 admones,
483 2845 514 2909 ἃ
536 2866 622 2928 rogas
645 2857 680 2909 ut
693 2843 849 2930 suscipiam
869 2844 996 2911 absentis

200 2950 343 3017 Corelliae
352 2949 472 3015 causam
485 2964 588 3015 contra
599 2950 642 3017 C.
654 2948 829 3029 Caecilium,
844 2950 995 3017 consulem
