2317 3767
186 233 248 327 238
346 249 382 299 c.
409 253 524 305 cern.
550 250 813 321 amaturae.

255 520 333 565 XVI·
362 519 397 564 C.
425 519 571 564 PLINIUS
600 520 742 568 TACH'O
770 521 838 567 SUO
862 523 892 566 S.

188 667 232 778 P
234 731 314 776 aurs
341 725 375 776 ut
395 713 451 776 tibi
464 713 605 774 avunculi
619 712 679 775 mei
703 714 818 776 exitum
838 712 976 791 scribam,

184 840 245 902 quo
256 817 355 881 verius
369 819 482 880 tradere
496 817 616 899 posteris
629 817 727 901 poffis.
770 817 893 884 Gratias
908 840 974 902 ago.

185 924 273 989 Nam
287 924 386 998 video,
402 921 492 984 morti
505 921 581 1005 ejus,
605 921 831 987 ficelebretura
849 936 889 1000 te,
917 923 976 986 im-

186 1029 344 1092 mortalem
368 1028 495 1109 gloriam
516 1026 574 1090 esse
593 1027 781 1112 propositam.
826 1028 977 1114 Qramvis

187 1135 269 1198 enim
283 1133 550 1218 pulcherrimarum
576 1135 661 1196 clade
687 1146 843 1210 terrarum,
866 1148 900 1197 ut
920 1156 975 1218 po-

185 1242 260 1325 puli,
281 1254 315 1302 ut
333 1239 421 1302 urbes
443 1238 632 1301 memorabili
658 1237 737 1316 casu,
762 1238 844 1323 quasi
864 1237 989 1322 semper·

184 1345 318 1410 vidimus
325 1343 484 1408 occiderit:
504 1345 644 1427 quamvis
659 1344 718 1428 ipse
740 1346 868 1428 plurima
886 1364 977 1426 opera

186 1454 216 1518 δε
238 1449 376 1515 mansura
403 1449 579 1524 condiderit,
604 1451 736 1512 multum
751 1462 852 1512 tamen
871 1468 975 1531 perpe-

184 1557 284 1622 tuitati
296 1557 361 1640 ejus
380 1553 553 1637 scriptorum
579 1566 700 1619 tuorum
714 1555 862 1618 aeternitas
875 1555 973 1617 addet.
1014 1555 1018 1563 ’

180 1646 336 1747 liquidem
355 1663 456 1723 beatos
474 1674 559 1743 puto,
578 1656 688 1744 quibus
707 1663 832 1725 deorum
854 1682 977 1724 munere

185 1770 290 1830 datum
317 1765 369 1842 est,
406 1780 473 1830 aut·
493 1763 590 1829 facere
611 1766 762 1830 scribenda
782 1782 833 1831 aut
854 1766 977 1830 scribere

185 1872 328 1954 legenda:
355 1872 535 1941 beatiffimos
563 1895 636 1937 vero
660 1874 768 1958 quibus
793 1887 973 1959 utrumquea

187 1980 297 2041 horum
311 1979 342 2042 in
361 1999 488 2042 numero
498 1981 664 2043 avunculus
679 2001 763 2042 meus
778 1981 809 2043 δι
822 1979 882 2042 suis
893 1981 976 2041 libris

164 2087 216 2152 ,ἃ
239 2085 299 2147 tuis
321 2085 387 2148 erit.
432 2083 507 2169 Quo
531 2085 671 2148 libentius
694 2083 827 2168 suscipio,
853 2080 981 2169 deposco

186 2190 276 2253 ctiam
291 2192 371 2274 quod
385 2190 527 2274 injungis.
571 2190 646 2254 Erat
660 2188 783 2266 Miseni,
800 2190 976 2275 classemque

185 2295 310 2380 imperio
324 2295 449 2379 praesens
463 2299 592 2379 regebat.
635 2288 732 2360 Nono
747 2294 875 2360 Calend.
902 2296 973 2380 Sep·

187 2402 296 2465 tembr.
325 2403 400 2465 hora
415 2401 474 2464 diei
488 2400 550 2466 fere
569 2402 704 2487 septima,
720 2417 814 2465 mater
835 2423 903 2464 mea
927 2402 976 2464 in·
1017 2426 1021 2441 ·

186 2509 265 2570 dicat
279 2509 318 2584 ei,
334 2529 471 2593 apparere
485 2510 598 2572 nubem
612 2508 748 2572 inusitata
768 2510 799 2572 δι
824 2508 975 2591 magnitu-

187 2614 257 2679 dine
279 2616 311 2680 ἃ
335 2613 438 2698 specie.
484 2614 564 2679 Usus
583 2614 633 2676 ille
658 2613 730 2691 sole,
744 2629 747 2634 ·
761 2635 832 2676 mox
855 2611 974 2696 frigida,

186 2719 351 2803 gustaverat
368 2721 482 2806 jacens,
509 2720 721 2804 studebatque:
757 2718 849 2803 poscit
872 2718 975 2795 soleas,

188 2825 316 2892 ascendit
336 2829 450 2903 locum,
465 2848 503 2889 ex
519 2847 580 2911 quo
594 2826 726 2889 maxime
739 2826 919 2888 miraculum
936 2824 975 2887 il-

188 2934 241 2996 lud
253 2931 379 3018 conspici
392 2944 515 3017 poterat.
560 2929 670 2995 Nubes
692 2931 851 3014 (incertum
872 2929 975 3015 procul
