2317 3767
217 257 277 345 178
391 270 424 323 c.
451 277 566 325 nutu.
593 274 854 324 aurstornn.

214 419 355 483 lusiantis
369 419 479 481 animae
493 439 594 482 moras
607 416 717 481 crebris
732 417 814 503 quafi
835 418 1011 502 singultibus

213 524 325 602 srtiunt,
351 525 434 609 quod
460 521 631 591 effundunt.
690 522 757 601 An,
790 546 860 609 quae
884 523 1013 591 Oceano

215 645 333 708 natura,
353 627 431 695 sonti
444 631 585 716 quoque?
613 639 733 716 quaque
756 630 808 693 ille
830 631 946 696 ratione
958 646 1012 697 aut

215 739 444 822 itnprllituraut
462 735 640 815 resorbetur,
654 738 712 802 hae
726 736 864 801 modicus
879 737 929 801 hic
950 739 1011 802 hu.

215 865 284 908 mor
304 843 421 910 vicibus
434 842 555 908 alternis
567 840 771 927 supprimitur,
793 845 843 906 vel
855 844 1009 927 egeritur?

216 944 281 1027 An,
297 963 332 1016 ut
343 948 482 1025 flumina,
497 969 566 1032 quae
580 948 612 1011 in
637 964 721 1014 mare
740 946 927 1027 deseruntur,
954 952 1010 1014 ad·

215 1054 399 1120 versantibus
417 1054 526 1132 uentis,
541 1047 691 1140 obvioque
706 1054 777 1119 aestu
791 1067 1010 1142 retorquentur,

214 1162 258 1226 ita
275 1161 317 1225 est
337 1160 451 1245 aliquid
471 1161 553 1246 quod
577 1160 671 1246 hujus
683 1157 776 1225 fontia
789 1161 946 1225 excursum
958 1182 1013 1247 per

216 1280 372 1336 momenta
395 1259 596 1351 repercutiat?
654 1264 709 1332 An
736 1267 897 1333 laterarme
925 1270 1011 1332 vonit

216 1390 297 1439 certa
311 1371 462 1468 mensura,
485 1395 555 1458 quae
578 1374 654 1438 dum
668 1365 782 1457 colligit
799 1376 881 1459 quod
894 1376 1010 1440 exhau-

216 1480 304 1559 serat,
319 1482 420 1545 minor
436 1480 521 1543 rivus
542 1477 584 1542 est
596 1479 628 1542 ἃ
640 1478 768 1562 pigrior:
791 1501 863 1544 curn
876 1483 1007 1567 collegit,

216 1590 320 1673 agilior
334 1586 489 1671 majorque
507 1581 679 1669 profertur?
722 1582 790 1664 An,
814 1586 911 1652 nescio
929 1592 1011 1674 quod

215 1695 431 1760 libramentum
456 1690 595 1753 abditum
623 1691 655 1754 br
674 1710 801 1769 cacum,
828 1696 911 1778 quod
938 1717 1011 1761 cum

215 1797 401 1863 exinanitum
425 1795 477 1875 est,
492 1794 610 1859 suscitat
627 1797 658 1861 δι
678 1798 759 1862 elicit
772 1795 910 1864 sontem:
938 1823 1011 1866 cum

217 1905 376 1988 repletum,
398 1914 544 1979 moratur,
567 1902 600 1966 bc
631 1902 818 1988 strangulati
872 1905 1010 1973 Scrutare

217 2022 252 2073 tu
266 2008 379 2086 causas,
396 2011 491 2094 (potes
502 2004 598 2086 enim)
617 2030 688 2094 quae
699 2022 818 2075 tantum
828 2014 1010 2079 miraculum

217 2114 361 2179 efficiunt.
407 2111 494 2179 Mihi
519 2115 639 2179 abunde
664 2115 716 2194 est,
738 2116 761 2180 fi
786 2117 855 2184 satis
873 2121 1007 2207 expressi,

215 2223 298 2309 quod
311 2217 448 2285 efficitur.
493 2218 584 2284 Vale.
