2317 3767
326 200 557 323 «uteru
602 275 704 325 v111.
869 274 929 345 357

141 416 282 487 civilium
307 416 379 501 quid
393 418 528 485 libertate
539 418 711 501 pretiosius?
736 436 825 501 porro
837 438 930 503 quam
988 436 990 439 ’

140 536 237 606 turpe,
260 521 281 593 fi
303 523 451 589 ordinatio
468 523 629 600 euerfione,
652 525 773 589 libertas
795 520 940 601 servitute

140 629 294 697 mutetur?
320 624 448 693 Accedit
470 631 551 712 quod
577 629 633 693 tibi
653 640 805 693 certamen
825 627 866 691 est
887 642 932 709 te,-

140 754 233 797 cum:
255 747 357 803 onerat
369 747 399 796 te
419 732 587 816 Qraesturae
597 747 658 797 tuae
671 730 766 810 sama,
779 754 881 818 ‘quam
894 756 932 799 ex

142 838 285 922 Bithynia
311 839 459 925 optimam
487 837 640 903 revexisti:
669 851 774 905 onerat
800 838 931 905 testimo

140 944 226 1009 nium
240 942 406 1025 Principisz
434 954 537 1007 onerat
556 941 758 1019 Tribunatus,
786 942 929 1021 Praetura,

141 1063 229 1133 atque
254 1049 318 1111 haec
337 1044 397 1129 ipsa
420 1046 539 1128 legatio,
565 1047 645 1130 quasi
667 1048 826 1131 praemium
848 1050 927 1116 data.

142 1154 217 1239 Quo
238 1152 334 1235 magis
353 1151 510 1213 nitendum
535 1150 589 1226 est,
615 1172 653 1214 ne
675 1152 708 1214 in
736 1152 930 1236 longinquam

141 1257 336 1342 provinciam,
360 1274 452 1339 quam
473 1253 686 1332 suburbanam,
713 1276 752 1318 ne
774 1257 851 1320 inter
872 1256 931 1320 ser-

141 1364 268 1439 vientes,
297 1381 389 1447 quam
410 1359 534 1436 liberos,
559 1380 598 1422 ne
615 1358 691 1423 sorte
711 1379 804 1443 quam
817 1361 933 1445 judicio

140 1468 255 1544 missus,
275 1488 313 1529 ne
326 1466 458 1531 rudis&
480 1463 662 1546 incognitus,
686 1485 777 1547 quam
797 1467 931 1549 explum-

139 1587 191 1648 ωε,
212 1569 420 1655 probatusque,
459 1569 633 1646 humanior,
660 1571 778 1647 melior,
810 1569 932 1653 peritior

141 1674 229 1741 suffe
241 1676 378 1741 videaris.
422 1673 509 1747 Cum
530 1673 565 1739 fit
578 1674 703 1758 alioqui,
730 1687 763 1739 ut
782 1673 858 1759 saepe
876 1696 930 1739 au-

138 1781 218 1859 disii,
244 1780 319 1864 saepe
340 1778 448 1861 legisti,
477 1779 575 1843 multo
594 1776 760 1843 deformius
782 1780 931 1857 amittere,

140 1907 233 1974 quam
248 1907 311 1955 nou
325 1883 435 1966 assequi
449 1884 580 1947 laudem.
618 1883 697 1953 Haec
712 1883 804 1947 velim
817 1886 931 1962 credas,

133 1996 221 2080 ‚quod
232 1989 402 2073 initiodird,
416 1985 552 2070 scripsisse
566 2007 617 2053 me
631 1990 854 2066 admonentem,
868 2009 932 2053 non
954 2034 956 2041 κ

111 2171 125 2183 ..
141 2100 374 2185 pmipientem,
387 2112 559 2176 quanquam
569 2093 790 2177 precipientem
797 2114 929 2179 quoque.

141 2206 263 2291 Quippe
285 2223 346 2269 non
359 2217 463 2263 vereor
476 2197 509 2261 in
523 2217 626 2260 amore
638 2219 677 2260 ne
691 2199 817 2261 modum
832 2199 929 2262 exces-

139 2310 240 2375 sorim
282 2307 394 2391 Neque
407 2302 489 2367 enim
508 2302 674 2385 periculum
688 2302 740 2381 est,
768 2324 806 2366 ne
827 2303 861 2366 srt
882 2307 930 2369 ni-

131 2414 238 2483 mium
253 2413 333 2497 quod
347 2408 406 2475 esse
417 2405 587 2475 maximum
598 2409 696 2472 debet.
742 2406 831 2473 Vale.
