2317 3767
210 288 272 354 252
382 295 416 341 C·
446 296 558 345 rtlu.
590 296 848 349 urtsrotnn.

206 450 277 494 cum
300 432 487 501 Montanum
509 439 679 504 Atticinum
698 439 841 507 comitem
856 440 942 505 suum
965 443 996 505 in

207 539 311 602 multis
331 541 451 625 flagitiis
472 547 715 629 deprehendisset,
740 545 853 610 Caesari
875 545 995 630 scripsrt,

206 642 357 710 Atticinus
373 649 493 731 flagitiis
515 653 639 727 addidit,
663 665 695 715 ut
717 673 808 735 quem
831 654 995 736 deceperat,

205 750 362 814 accusaret.
407 753 537 839 Recepta
550 758 681 839 cognitio
699 756 751 820 est.
798 755 856 819 Fui
878 758 910 819 in
923 778 996 820 con-

207 852 282 929 filio,
305 857 367 939 egit
381 870 504 942 uterque
519 882 574 944 pro
601 860 640 938 se,
663 864 723 945 egit
738 874 839 924 autem
857 864 994 946 ca'rptim,

204 959 235 1022 &
259 962 341 1029 uerit
364 968 537 1044 κεφάλαιαε
561 988 622 1049 quo
647 988 752 1049 genere
775 969 884 1029 veritas
898 967 995 1029 statim

203 1065 374 1135 ostenditur.
428 1070 555 1134 Protulit
583 1070 757 1135 Bruttianus
786 1071 994 1133 testamentum

203 1170 301 1249 suum,
321 1179 403 1258 quod
425 1176 553 1241 Atticini
572 1199 666 1241 manu
686 1177 823 1261 scriptum
841 1178 899 1242 effe
913 1180 994 1241 dice-

203 1279 266 1342 bat.
304 1278 375 1343 Hoc
394 1284 516 1348 enim&
530 1305 636 1346 arcana
655 1281 852 1359 familiaritas,
875 1286 906 1348 δι
919 1306 994 1368 que-

201 1388 284 1452 rendi
298 1389 335 1448 de
349 1409 396 1464 eo,
420 1411 510 1474 quem
525 1390 562 1452 fic
578 1389 711 1466 amasset,
741 1389 893 1453 necessitas
916 1391 994 1453 indi·

201 1496 333 1558 cabatur.
373 1477 569 1559 Enumeravit
584 1496 709 1559 crimina
723 1493 806 1559 foeda
825 1494 993 1559 manifesta·

201 1621 270 1682 que.
317 1601 375 1665 Ille
399 1621 470 1663 cum
492 1601 605 1662 diluere
627 1621 687 1663 non
709 1600 812 1684 poffet,
838 1602 880 1664 ita
898 1599 992 1684 reges-

201 1707 247 1784 fit,
272 1723 306 1771 ut
325 1710 399 1770 dum
422 1701 602 1782 defenditur,
628 1707 741 1790 turpise
765 1710 839 1770 dum
865 1706 990 1782 accusat,

199 1813 356 1877 sceleratus
381 1814 564 1897 probaretur.
616 1805 768 1895 Corrupto
786 1812 868 1875 enim
891 1809 994 1875 scribae

201 1918 295 1995 servo,
316 1919 508 2002 interceperat
525 1920 767 1994 commentarios,
791 1902 992 1980 interciderat-

200 2044 271 2109 que,
294 2045 328 2086 ac
351 2045 404 2107 per
427 2022 579 2086 summum
594 2020 678 2086 nefas
702 2025 839 2086 utebatur
853 2020 991 2087 adversm

200 2130 333 2193 amicum
347 2128 471 2190 crimine
486 2127 548 2190 suo.
595 2128 678 2191 Fecit
696 2128 894 2211 pulchenime
918 2126 991 2192 Cae·

201 2234 257 2297 sar.
301 2233 377 2297 Non
401 2234 483 2296 enim
508 2236 545 2296 de
569 2233 736 2309 Bruttiano,
760 2232 807 2295 sed
832 2232 929 2294 statim
953 2216 991 2296 de

201 2339 336 2405 Atticino
349 2340 525 2422 perrogavit.
571 2339 745 2410 Damnatus
766 2339 796 2401 δι
815 2337 846 2399 in
862 2335 989 2399 insulam

200 2447 367 2528 relegatus:
406 2443 563 2507 Bruttiano
593 2443 783 2528 justiffnnum
815 2443 994 2526 integritatis·

201 2551 402 2615 testimonium
434 2551 595 2626 redditum,
632 2571 722 2633 quem
747 2543 868 2632 quidem
897 2549 991 2611 etiam

200 2656 369 2722 constantiae
395 2655 490 2740 gloria
515 2654 612 2717 secuta
636 2656 686 2718 est.
737 2654 824 2718 Nam
854 2651 990 2716 defensus

201 2761 425 2848 expeditissime,
456 2759 600 2822 accusavit
625 2760 827 2835 vehementer,
853 2780 908 2823 nec
930 2758 989 2821 nri·

200 2891 258 2931 nus
285 2888 353 2931 acer
380 2886 471 2951 quam
505 2867 603 2927 bonus
631 2866 661 2929 &
685 2865 813 2929 fincerus
842 2864 987 2949 apparuit.

200 2973 295 3058 QOd
316 2973 372 3036 tibi
396 2969 502 3055 scripsr,
531 2982 564 3033 ut
589 2984 619 3032 te
643 2968 778 3034 sortitum
804 2970 989 3054 provinciam
