2317 3767
218 264 281 334 302
380 264 414 312 c.
445 267 559 340 mn.
584 265 846 314 msrom.

218 407 324 471 studia.
370 406 477 492 Quam
505 407 580 472 tersa
605 407 721 473 omnia!
761 427 853 493 quam
883 405 1012 472 Latina!

217 533 309 599 quam
323 512 449 579 Graeea!
472 514 560 578 Nam
571 527 691 578 tantum
705 528 830 599 utraque
841 515 945 598 lingua
957 534 1013 577 va-

220 623 275 699 let,
290 635 324 684 ut
345 642 381 684 m
395 621 490 705 magis
504 617 641 685 vidntur
654 625 809 701 excellere,
826 643 919 707 quam
940 643 1013 687 cum

218 726 352 791 maxime
371 727 514 812 loquitur.
559 727 720 813 Quantum
735 729 785 791 ille
799 728 888 812 legit!
916 751 1013 814 quan·

218 845 286 895 tum
307 832 407 896 tenet!
431 832 562 896 Athenis
588 835 688 898 vivere
710 835 878 912 hominem,
899 855 961 898 non
978 834 1012 898 in

219 940 293 1004 villa
305 951 402 1024 putes.
447 938 534 1023 Qssd
548 941 666 1002 multa?
692 941 777 1003 auxit
791 938 1012 1017 ,solicitudinem

221 1066 333 1121 meam,
364 1043 532 1128 effecitque,
560 1059 594 1107 ut
618 1047 690 1123 illis,
724 1067 800 1129 quos
830 1045 1010 1109 dofflffirnoe

220 1151 303 1227 novi,
316 1171 378 1214 non
391 1151 492 1213 minus
505 1151 561 1213 hos
572 1149 720 1228 seduaos,
736 1153 768 1215 &
789 1151 869 1235 quafi
890 1151 1011 1214 rusticos

220 1276 333 1320 verear.
380 1255 467 1319 Idem
478 1254 586 1318 suadeo
602 1256 669 1319 tibi.
715 1255 792 1320 Sunt
817 1256 898 1319 enim
919 1270 953 1319 ut
978 1257 1010 1319 in

220 1361 330 1439 castris,
357 1362 395 1425 fic
408 1361 500 1425 etiam
526 1362 558 1424 in
580 1362 673 1423 literis
695 1360 799 1424 nostris
813 1364 912 1447 plures
927 1364 1010 1426 cultu

219 1489 345 1554 pagano,
360 1488 436 1553 quos
449 1466 561 1530 cimus
570 1467 603 1529 &
617 1480 757 1545 armatos,
777 1468 808 1531 &
824 1468 946 1550 quidem
959 1485 1008 1529 ar·

219 1574 386 1637 dentiffimo
407 1573 538 1655 ingenio,
560 1573 728 1655 diligentius
753 1572 898 1637 scrutatus
922 1574 1009 1635 inve-

220 1680 294 1743 nies.
341 1677 429 1741 Vale.

283 1908 395 1956 XXVI·
428 1909 461 1956 C·
479 1909 627 1954 PLINIUS
651 1909 808 1955 MAXIMO
832 1910 898 1955 SUO
916 1910 945 1952 8.

222 2055 372 2167 Num
389 2121 438 2164 me
462 2102 615 2188 cujusdam
638 2103 727 2166 amici
756 2098 881 2185 languor
904 2104 1010 2165 admo·

219 2209 296 2284 nuit,
318 2207 448 2292 optimos
476 2207 532 2270 effe
562 2230 629 2284 noS,
657 2211 730 2271 dum
756 2209 867 2271 infirmi
892 2207 1006 2270 sumus.

219 2313 323 2397 Quem
347 2312 429 2376 enim
451 2314 606 2376 infirmum
631 2328 682 2377 aut
696 2315 841 2390 avaritia,
856 2327 908 2376 aut
918 2314 1012 2377 libido

218 2418 362 2483 solicitat?
389 2438 451 2483 non
465 2421 616 2483 amoribus
631 2421 730 2497 servit,
751 2441 813 2483 non
826 2421 938 2503 appetit
951 2420 1009 2481 ho·

219 2544 316 2600 noas,
340 2545 412 2609 opes
424 2527 560 2610 negligit,
581 2527 612 2590 &
637 2528 947 2610 quantulumcunque,
975 2538 1009 2586 ut

218 2632 386 2708 reliRurus,
397 2630 465 2694 satis
478 2632 589 2694 habet:
607 2631 702 2695 Tunc
713 2631 810 2707 Deos,
826 2644 898 2693 tunc
908 2629 1009 2693 homi*

219 2758 289 2803 nem
307 2738 365 2801 effe
386 2735 414 2800 se
428 2737 578 2814 meminit,
591 2736 705 2800 invidet
718 2736 845 2812 nemini,
857 2735 1008 2798 neminem

218 2845 354 2920 miratur,
378 2844 531 2906 neminem
552 2841 682 2925 despicit,
709 2862 744 2904 ac
765 2862 804 2904 ne
824 2839 1008 2904 semmnibus

219 2951 340 3035 quidem
355 2948 504 3035 malignis,
520 2961 573 3010 aut
591 2948 726 3025 attmdit,
742 2959 795 3010 aut
807 2947 909 3022 alitur,
931 2945 1008 3009 buli·
