2317 3767
226 289 246 337 2
388 286 849 333 c.1²L1N.El²1sTOLnn.

226 431 365 495 exhibeo.
391 429 485 493 Hunc
495 449 613 513 rogoex
621 429 1018 511 consuetudinetua&legac

226 538 256 600 δι
265 520 375 619 relegas
383 537 414 599 ὅτ
425 537 583 599 emendes:
606 558 642 600 eo
654 537 760 619 magis,
771 539 850 619 quod
862 536 938 598 nihil
949 539 1022 597 ante

202 657 205 662 “
226 661 363 725 peraeque
377 644 541 725 eodemque
555 642 622 704 stilo
631 640 766 724 scripsisse
781 642 895 704 videor.
925 639 1015 704 Ten-

226 748 288 810 tavi
302 748 384 810 enim
400 747 510 809 imitari
531 746 768 811 Demosthenem
788 744 902 829 semper
916 759 1016 820 tuum,

227 851 363 917 Calvum
374 875 468 937 nuper
481 874 585 915 meum
597 854 742 914 duntaxat
749 851 851 935 figuris
860 851 1015 914 orationis.

227 958 313 1023 Nam
320 960 384 1022 vim
395 970 547 1022 tantorum
555 960 716 1020 verborum
725 958 823 1041 pauci,
830 978 905 1040 quos
914 977 1018 1039 aequus

226 1065 352 1144 amavit,
363 1063 472 1147 affequi
484 1062 612 1147 poffunt.
649 1062 718 1127 Nec
731 1062 854 1125 materia
872 1061 932 1145 ipsa
947 1063 1018 1124 huic

226 1171 343 1253 (vereor
356 1190 394 1231 ne
416 1170 551 1251 improbe
569 1164 681 1246 dicam)
702 1168 888 1230 aemulationi
910 1188 1016 1250 repug-

225 1275 319 1337 navit.
364 1274 438 1337 Erat
460 1275 542 1337 enim
570 1295 661 1357 prope
683 1286 745 1336 tota
770 1274 802 1335 in
827 1273 1016 1335 contentione

225 1379 352 1456 dicendi,
376 1383 457 1464 quod
471 1402 521 1443 me
534 1381 632 1461 longae
649 1376 765 1440 desidiae
784 1378 1016 1440 indormientem

225 1484 378 1562 excitavit,
394 1485 415 1547 fi
430 1488 521 1548 modo
539 1486 565 1546 is
579 1483 645 1547 sum
659 1505 725 1566 ego,
743 1483 794 1566 qui
809 1484 931 1546 excitari
949 1483 1015 1567 pos·

224 1586 291 1651 fim.
314 1589 391 1652 Non
401 1602 502 1651 tamen
513 1589 746 1652 omninoMarci
754 1588 843 1651 nostri
853 1591 911 1664 eric
921 1590 1015 1670 ληκύ-

225 1696 291 1769 θους
299 1691 446 1777 fugimus,
460 1695 577 1777 quoties
586 1695 744 1776 paululum
758 1696 863 1757 itinere
877 1698 1016 1760 decedere

223 1815 286 1862 non
301 1798 511 1883 intempel’o‘vis
521 1801 751 1863 amoenitatibtre
765 1802 1013 1876 admonebamur‚

223 1917 306 1969 acres
325 1906 407 1968 enim
426 1905 494 1984 etde,
518 1923 580 1969 non
603 1905 696 1968 tristes
713 1907 899 1969 volebamus.
944 1906 1014 1969 Nec
1115 1913 1117 1918 ’
1153 1899 1154 1946 i

223 2009 276 2086 est,
301 2013 383 2094 quod
396 2023 483 2096 putee
495 2029 547 2074 me
561 2010 615 2074 sub
636 2012 693 2073 hac
710 2012 882 2094 exceptione
892 2012 1013 2074 veniam

219 2115 379 2203 postulare.
413 2116 519 2180 Immo
532 2137 594 2201 quo
611 2117 709 2199 mmis
727 2117 881 2178 intendam
907 2118 1014 2182 limam

222 2233 320 2299 tuam,
345 2221 508 2285 confitebor
519 2224 551 2286 ἃ
566 2221 662 2306 ipsum
677 2242 726 2284 me
745 2223 776 2285 dc
788 2223 1014 2285 contubemalee

222 2328 404 2390 obeditione
425 2345 488 2389 non
502 2328 672 2403 abhorrere,
699 2326 720 2390 fi
738 2330 830 2392 modo
848 2341 882 2390 tu
896 2326 1014 2391 fortaffe

223 2432 314 2495 errori
336 2432 434 2495 nostro
455 2434 558 2496 album
588 2434 737 2495 calculum
766 2434 917 2517 adjeceris.
962 2433 1014 2497 Est

223 2536 304 2599 enim
319 2537 406 2619 plane
420 2538 534 2622 aliquid
547 2539 710 2614 edendum,
725 2551 813 2623 atque
828 2537 944 2601 utinam
954 2540 1013 2603 hoc

222 2642 417 2728 potiffrmum,
444 2646 524 2728 quod
544 2657 681 2728 paratum
703 2645 755 2722 est,
778 2646 875 2729 (audis
897 2645 1013 2709 desidiae

223 2744 342 2827 votum)
373 2751 522 2812 edendum
547 2763 649 2813 autem
675 2751 868 2834 expluribus
897 2751 1008 2814 causis:
1090 2767 1092 2771 “

222 2856 355 2917 maxime
371 2856 451 2938 quod
465 2855 571 2931 libelli,
593 2877 669 2940 quoe
682 2854 846 2933 emisimus,
872 2857 1012 2920 dicuntur

217 2959 253 3022 in
277 2960 417 3024 manibus
435 2955 504 3038 effe,
530 2961 755 3047 quamvisjam
778 2963 904 3045 gratiam
923 2962 1010 3025 novi·
