2317 3767
221 248 263 335 78
382 265 847 322 murmurarunt.

220 409 335 494 adjacet
354 410 535 494 propnigem
556 408 688 472 barinei.
731 409 813 484 Mox
836 411 906 474 duae
926 412 1013 476 cellae

221 516 317 599 magia
337 516 498 599 elegantes,
520 536 614 601 quam
635 514 822 599 sumptuosae.
867 513 1013 582 Cohaertt

221 620 317 683 calida
329 619 440 704 piscina
453 620 590 698 mirifice,
606 619 716 707 eiqua
725 634 860 685 natantes
870 643 954 686 marc
964 623 1012 686 as-

220 725 344 810 piciunt.
386 725 456 791 Nec
469 724 820 811 proculfphaeristerium,
838 729 918 811 quod
936 730 1012 791 cali.

222 831 337 896 diffimo
350 831 416 909 soli,
436 834 580 897 inclinato
590 834 656 917 jam
669 833 729 909 die,
743 834 880 896 occurrit.
925 832 1011 908 Hinc

222 939 311 1001 turris
330 938 463 1021 erigitur,
487 937 541 1001 fub
555 935 616 1022 qua
628 938 726 1001 diaetae
739 940 819 1015 duae,
840 931 1010 1002 totidemin

221 1041 293 1128 ipsa.
337 1042 484 1107 Praeterea
495 1045 638 1120 coenatio,
650 1038 718 1128 quae
727 1041 900 1106 latissmum
914 1064 1009 1121 mare,

221 1145 517 1234 longitfnnumlitus,
539 1145 752 1213 amoeniffimas
762 1139 849 1211 uillas
859 1146 1013 1233 prospicit.

224 1254 275 1320 Est
287 1256 320 1318 dc
333 1255 392 1318 alia
405 1256 513 1319 turrisr
536 1256 567 1318 in
582 1256 639 1317 hac
652 1253 835 1331 cubiculum,
851 1255 883 1317 in
896 1276 957 1338 quo
966 1254 1010 1319 foi

222 1360 351 1426 nascitur
361 1361 573 1447 conditurque:
597 1359 658 1426 lata
669 1358 1010 1445 pbstapomecatchor-

223 1489 321 1533 reum.
364 1468 427 1533 Sub
444 1469 502 1531 hoc
515 1467 689 1545 triclinium,
704 1457 784 1552 quod
794 1466 904 1529 turbati
918 1466 1011 1560 maris

223 1596 284 1639 non
305 1573 359 1638 nist
380 1571 528 1656 fragorem
550 1573 583 1638 δι
607 1571 713 1637 sonum
736 1573 858 1657 patitur,
880 1592 1011 1657 eumque

219 1678 286 1765 jam
314 1677 490 1761 languidum
517 1698 553 1741 ac
583 1676 773 1742 definentem.
816 1677 952 1741 Hortum
978 1678 1011 1742 dc

223 1783 412 1867 gestationem
429 1782 512 1846 videt
530 1774 590 1867 qua
603 1785 708 1847 hortus
718 1784 888 1849 includitur.
932 1782 1011 1849 Ges·

223 1888 298 1951 tatio
310 1889 392 1952 buxo
412 1900 464 1952 aut
477 1910 543 1952 rore
563 1880 693 1965 marino,
716 1889 768 1953 ubi
782 1883 881 1951 deficit
898 1891 1009 1964 buxus.

224 1993 365 2058 ambitur.
407 1993 495 2059 Nam
521 1994 621 2058 buxus
645 2014 706 2077 qua
732 2007 814 2076 parte
843 1990 1012 2056 defenditur

224 2097 321 2175 tediis,
351 2100 470 2163 abunde
496 2099 571 2162 viret
598 2090 700 2182 apertc
728 2101 819 2175 coelo,
851 2110 1014 2182 apertoque

223 2217 331 2267 vento:
354 2205 396 2281 dr,
416 2191 587 2289 quanquam
600 2204 762 2287 longinqua
775 2203 925 2287 aspergine
943 2223 1010 2266 ma·
1036 2268 1041 2276 ,

224 2310 276 2386 ris,
304 2309 447 2374 inarescit.
490 2309 619 2397 Adjacet
637 2309 789 2394 gestationi
801 2302 939 2374 interiore
951 2310 1013 2373 cir·

223 2413 306 2477 cuitu
322 2416 410 2480 vinea
423 2431 523 2496 tenera
541 2404 734 2493 &umbrosa
757 2415 900 2500 nudisque
918 2415 1009 2479 etiam

223 2521 347 2606 pedibus
371 2524 472 2587 mollis
492 2524 523 2587 dc
543 2524 661 2586 cedens.
706 2522 841 2586 Hortum
860 2522 1012 2587 morus&

223 2626 298 2691 ficus
312 2624 450 2713 frequens
464 2627 560 2705 vestit,
584 2615 710 2711 quarum
730 2619 870 2689 arborum
890 2627 944 2689 illa
962 2628 1011 2690 vei

224 2734 356 2796 maxime
368 2729 452 2797 ferax
462 2717 600 2809 estterra.
616 2719 774 2814 malignior
783 2723 907 2795 ceteris.
937 2723 1012 2796 Hac

224 2856 285 2900 non
303 2839 447 2901 deteriore
459 2857 550 2921 quam
563 2839 654 2900 maris
667 2835 743 2900 facie
756 2839 886 2901 coenatio
898 2849 1013 2901 remota

224 2941 327 3005 imari
340 2941 459 3006 fruitur.
495 2941 637 3025 Cingitur
646 2942 743 3006 ditetis
757 2945 873 3008 duabus
888 2945 1010 3029 itergo,
