2317 3767
205 246 228 308 4
369 250 402 293 c.
429 248 545 293 euin.
573 248 835 324 eernroenn.

204 399 342 472 ponatur.
388 386 506 474 Effinge
530 389 696 472 aliquid&
716 380 843 465 excude,
866 390 946 472 quod
966 389 1002 451 sit

202 506 345 578 perpetuo
367 510 467 558 tuurn.
512 493 600 558 Nam
623 494 737 576 reliqua
760 515 861 557 rerum
877 507 999 556 tuarum

204 599 268 682 post
281 614 311 662 te
325 601 420 663 aliurn
434 613 523 682 atque
537 600 632 661 aliurn
650 599 809 663 dominum
829 599 998 663 sortientur.

205 704 276 769 Hoc
291 725 447 789 nunquam
462 717 549 766 tuum
564 704 674 767 desinet
693 704 762 782 elle,
781 706 802 768 fi
824 704 915 767 semel
935 725 1000 767 coe·

203 812 288 893 perit.
334 810 414 886 Scio,
433 830 524 892 quern
538 810 689 886 animum,
711 814 792 894 quod
800 813 901 874 horter
915 812 998 893 inge-

203 916 310 980 nium:
332 914 389 979 Tu
409 918 501 979 modo
522 916 644 992 enitere,
670 930 703 978 ut
717 919 772 980 tibi
786 915 845 1001 ipse
860 916 895 979 srs
911 916 998 992 tanti,

203 1023 308 1105 quanti
322 1009 469 1084 videberis
483 1022 562 1098 aliis,
586 1022 606 1084 st
620 1023 676 1086 tibi
695 1020 798 1086 fueris.
845 1021 934 1085 Vale.

154 1301 160 1314 ⁹
255 1242 311 1298 lV·
335 1252 369 1297 C·
395 1252 543 1297 PLlNlUS
567 1251 740 1297 POMPElAE
765 1250 956 1295 CELERlNAE
1009 1291 1013 1300 ,

498 1357 632 1403 socltut
657 1359 686 1400 S.

206 1502 430 1632 Qunnrunt
449 1548 603 1631 copiarum
615 1546 648 1608 in
660 1543 855 1624 Ocriculano,
872 1548 903 1610 in
914 1547 1000 1611 Nar·

203 1654 307 1729 nienfi,
332 1655 364 1715 in
381 1650 559 1728 Carsulano,
576 1653 609 1714 in
623 1650 764 1714 Perusino
778 1662 843 1729 tuo,
866 1653 898 1714 in
912 1651 997 1716 Nar-

203 1758 296 1821 nienfi
315 1778 387 1821 vero
412 1758 504 1820 etiarn
523 1757 690 1833 balineum,
714 1778 752 1818 ex
774 1757 901 1840 epistolis
922 1757 999 1819 meis

204 1865 289 1947 (narn
298 1863 365 1947 jam
379 1863 440 1925 tuis
454 1884 529 1946 opus
544 1883 607 1925 non
624 1858 678 1941 est)
704 1883 765 1924 una
781 1863 832 1925 illa
846 1861 945 1925 brevis
967 1863 998 1925 δι

203 1983 290 2032 vetus
316 1967 434 2032 sufficit.
478 1967 569 2043 Non,
604 1988 654 2029 me
681 1969 813 2044 hercule,
844 1980 908 2028 tarn
930 1986 999 2034 mea

202 2072 283 2151 lunt,
307 2095 376 2158 quae
397 2093 465 2135 mea
479 2071 558 2149 sunt,
583 2093 675 2156 quarn
690 2094 758 2156 quae
781 2086 854 2136 tua:
879 2074 937 2135 hoc
950 2084 999 2134 ta·

203 2199 274 2242 men
298 2176 452 2254 differunt,
477 2179 558 2261 quod
581 2168 771 2242 solicitius&
794 2179 937 2241 intentius
953 2177 998 2241 tui

204 2306 269 2362 me,
283 2305 375 2367 quam
391 2282 452 2345 mei
466 2283 629 2366 excipiunt.
676 2282 764 2345 Idem
787 2280 906 2346 fortasse
927 2304 998 2345 eve-

203 2390 266 2455 niet
280 2388 348 2465 tibi,
370 2387 527 2471 liquando
540 2388 572 2450 ln
598 2386 696 2449 nostra
718 2389 892 2451 diverteris:
916 2390 998 2472 quod

203 2495 296 2560 velim
305 2490 410 2569 facias,
419 2494 552 2575 primurn
564 2505 598 2554 ut
605 2494 727 2576 perinde
737 2505 771 2556 tu
780 2492 884 2556 nostris
896 2494 997 2570 rebus,

202 2618 237 2660 ac
250 2618 306 2661 nos
320 2597 392 2674 tuis,
413 2594 596 2681 perfruaris:
617 2599 737 2676 deinde,
763 2611 796 2662 ut
817 2600 879 2661 mei
893 2619 997 2682 exper-

201 2695 355 2785 giscantur⁴
374 2703 546 2787 aliquando,
572 2705 625 2787 qui
640 2724 689 2766 me
713 2703 823 2781 secure,
849 2724 883 2765 ae
907 2724 998 2787 prope

204 2809 386 2891 negligenter
404 2808 572 2892 expellant.
617 2808 705 2873 Nam
720 2811 842 2873 mitium
856 2810 996 2874 domino-

202 2932 310 2978 norum
340 2914 420 2998 apud
445 2912 543 2979 servos
571 2913 634 3000 ipsa
658 2913 871 2982 consuetudine
897 2919 997 2980 metus
1029 2994 1032 2998 .
