2317 3767
390 294 699 344 manvu·
868 272 930 359 285

99 485 101 487 >
148 439 319 506 excusatum
332 439 399 518 effe,
410 442 492 525 quod
506 457 556 502 me
577 437 616 502 ab
638 434 696 500 illis
711 435 823 523 majore
836 432 936 500 officio

144 548 280 633 jubente,
309 541 437 625 secerno)
463 542 629 609 Corelliam
654 565 724 607 curn
748 541 866 606 summa
888 530 934 605 re

149 653 280 716 verentia
301 652 407 734 diligo:
433 651 566 735 primum
595 662 629 713 ut
654 647 784 713 sororem
810 647 935 714 Corelli}

149 757 234 834 Rufi,
263 758 348 843 cujus
376 756 452 819 mihi
487 755 633 819 memoria
667 753 849 819 sacrosan&
874 753 932 819 est:

149 865 255 927 deinde
269 877 314 927 .ut
340 863 430 925 matri
454 882 530 923 meae
554 857 821 924 familiariffimam.
860 858 936 923 Sunt

152 962 265 1033 mihi&
278 989 350 1031 cum
361 967 469 1029 marito
478 966 542 1050 ejus
553 965 689 1030 Minutio
705 964 810 1041 Fusco,
823 966 937 1049 optimo

116 1058 120 1062 ⁴
150 1075 227 1150 viro,
239 1086 339 1136 vetera
347 1073 433 1156 jura:
452 1068 573 1132 fuerunt
583 1071 614 1135 &
624 1091 694 1133 eum
705 1070 769 1135 filio
782 1072 933 1147 maxima3

150 1182 226 1242 adeo
239 1179 372 1262 quidem,
399 1190 433 1238 ut
455 1168 584 1238 Praetore
609 1197 658 1238 me
679 1177 757 1240 ludis
771 1176 846 1238 meis
859 1198 935 1260 prae·

150 1284 265 1348 seden't.
281 1364 283 1367 Ι
310 1282 388 1347 Haec
402 1303 472 1345 cum
485 1282 621 1365 proxime
639 1281 700 1347 istic
721 1279 779 1358 fui,
795 1282 937 1345 indicavit

152 1391 228 1453 mihi
252 1410 358 1473 cupere
383 1387 422 1463 se,
448 1388 559 1472 aliquid
572 1388 651 1451 cire'a
666 1385 792 1450 Larium
806 1386 938 1451 nostrum

153 1495 308 1579 poffiderea
339 1515 394 1577 ego
415 1494 459 1556 illi
484 1514 522 1555 ex
546 1493 664 1576 praediis
677 1493 765 1568 meis,
779 1495 860 1578 quod
874 1494 937 1554 vel-

83 1680 86 1685 ,
153 1600 238 1663 let&
251 1600 354 1683 quanti
367 1600 457 1661 vellet
470 1599 577 1674 obtuli,
592 1599 720 1682 exceptis
734 1598 862 1683 paternis
873 1618 939 1660 ma·

154 1704 315 1789 ternisque:
338 1705 385 1766 his
398 1704 482 1766 enim
492 1706 594 1767 cedere
608 1725 646 1766 ne
662 1702 805 1769 corelliae
818 1703 939 1787 quidem

155 1809 282 1894 poffum.
319 1808 415 1892 Igitur
427 1829 497 1871 cum
507 1808 670 1873 obvenisset
682 1809 759 1873 mihi
772 1809 939 1884 haereditas,

154 1917 188 1977 in
200 1937 260 2001 qua
283 1916 395 1999 praedia
416 1914 479 1989 ista,
509 1912 604 1997 scripfi
625 1915 653 1977 ei
681 1914 799 1976 venalia
819 1911 932 1977 futura.

159 2021 226 2085 Has
241 2019 386 2104 epistolas
422 2019 553 2084 Hermes
574 2018 654 2095 tulit,
690 2019 874 2103 exigentique
910 2030 944 2081 ut

158 2125 255 2189 statim
276 2128 443 2210 portionem
468 2146 567 2189 meam
586 2125 637 2188 fibi
658 2125 816 2201 addiceret,
837 2126 946 2209 paruit.

160 2229 253 2295 Vides
266 2252 358 2315 quam
372 2244 472 2293 ratum
479 2232 588 2294 habere
601 2231 738 2308 debeam,
758 2233 838 2316 quod
851 2233 943 2296 liber-
1047 2216 1050 2223 ’

155 2353 205 2402 tus
230 2357 315 2400 meus
340 2336 415 2400 meis
441 2335 574 2399 moribus
600 2335 700 2420 gestit?
736 2334 881 2420 Superest,
911 2349 945 2399 ut

158 2444 325 2505 cohaeredes
355 2463 442 2525 aequo
470 2442 572 2504 animo
597 2438 694 2505 ferant
713 2439 869 2526 separatim
895 2460 944 2503 mc

81 2565 86 2574 ·
159 2546 331 2623 vendidisse,
348 2550 428 2630 quod
449 2547 526 2609 mihi
543 2546 629 2608 licuit
647 2546 772 2609 omnino
794 2547 942 2608 vendere:

158 2671 214 2713 nec
234 2672 310 2721 ,vero
331 2664 476 2734 coguntur
496 2652 607 2714 imitari
632 2671 736 2714 meum
760 2651 942 2732 exemplum.

160 2754 236 2821 Non
258 2756 340 2818 enim
354 2756 412 2818 iuis
426 2759 530 2819 eadem
552 2777 623 2818 cum
640 2754 779 2821 Corellia
782 2755 853 2839 jura
867 2752 943 2817 sunt.

161 2860 367 2944 Pedum-ergo
387 2863 495 2924 intueri
518 2863 676 2925 utilitatem
701 2861 797 2939 suam,
820 2881 874 2945 pro
888 2880 947 2944 qua

159 2969 236 3033 mibi
249 2966 308 3033 fuit
321 2968 462 3033 amicitia.
509 2966 596 3033 Vale.
