2317 3767
422 246 612 293 steen
657 243 761 290 ωε.Δ
896 238 956 307 377

168 384 277 463 musto,
292 407 386 450 novos
405 388 561 451 verstculos
574 387 642 461 tibi,
658 406 733 469 quos
748 380 958 468 jucundiffime

166 492 307 574 exigenti,
334 505 367 555 ut
400 493 532 576 primum
559 493 739 556 videbuntur
767 484 953 563 deferbuiffe,

168 596 332 661 mittemus.
378 597 466 667 Vale.

168 814 171 823 ’
221 827 321 872 xv11.
352 828 384 873 c.
405 830 552 874 penetus
580 826 760 872 eemtom
785 822 853 869 suo
876 824 905 881 s,

171 975 332 1083 Restm
355 1019 453 1083 literas
478 1032 555 1096 tuas,
585 1020 693 1101 quibus
713 1017 843 1101 quereris
866 1017 956 1080 taedio

168 1125 223 1186 tibi
244 1122 330 1186 fuiffe
354 1124 491 1207 quamvis
513 1124 702 1189 lautiffimam
730 1143 861 1197 coenam,
885 1121 957 1206 quia

167 1227 285 1304 scum,
310 1228 427 1304 cinaedi,
464 1229 614 1291 moriones
642 1227 748 1290 menfis
774 1228 954 1291 inerrabante

170 1333 227 1396 Vis
243 1347 275 1396 tu
301 1334 448 1396 remittere
470 1334 583 1418 aliquid
602 1330 640 1395 ex
661 1332 763 1414 rugis?
807 1330 955 1414 Equidem

166 1441 245 1503 nihil
266 1441 324 1502 tale
343 1441 451 1515 habe0,
481 1441 623 1509 habentes
644 1450 745 1500 tamen
769 1434 845 1499 fero.
889 1434 955 1499 Cur

165 1566 236 1627 ergo
250 1566 311 1607 non
325 1545 441 1607 habeo?
463 1546 534 1628 qula
547 1564 736 1628 nequaquam
753 1560 803 1605 me
822 1553 856 1606 ut
869 1542 954 1605 inex*

98 1672 103 1678 ·
165 1649 327 1732 metatum,
350 1646 524 1711 festivumve
537 1650 679 1712 delcetat:
710 1648 817 1732 fiquid
831 1648 955 1712 molle}

165 1753 292 1828 cinaed0,
309 1756 445 1835 petulans
474 1753 618 1830 Neutra,
638 1755 759 1817 stultum
781 1753 955 1817 {motione

165 1855 323 1942 profertur,
347 1880 408 1921 non
439 1860 596 1935 rationem,
623 1859 670 1921 scd
695 1859 879 1923 stomachum
900 1860 955 1929 tibi

167 1985 265 2028 narro.
310 1962 412 2046 Atque
435 1966 508 2027 adeo
533 1986 625 2047 quam
649 1967 759 2033 multos
777 1980 863 2049 putas
883 1966 953 2042 effe,

80 2084 82 2087 ’
164 2092 240 2155 quos
255 2088 339 2154 aeque
352 2091 387 2131 ea
401 2071 509 2152 quibus
523 2091 578 2153 ego
592 2071 622 2134 &
643 2083 687 2145 tu,
702 2064 884 2154 capimur&
897 2074 961 2145 du:

164 2178 272 2253 cimur,
289 2176 397 2259 partim
412 2190 446 2237 ut
460 2176 568 2259 inepta,
584 2178 693 2259 partim
712 2191 745 2240 ut
758 2176 955 2241 molestisfima

166 2279 342 2344 offendant?
400 2279 504 2365 Qtam
538 2283 627 2344 multi
663 2303 734 2346 cum
761 2283 865 2358 leston
903 2295 955 2345 aut

165 2385 288 2469 lyristes,
324 2398 375 2448 aut
403 2389 559 2449 comoedus
592 2387 731 2450 industus
757 2388 809 2465 est,
841 2389 955 2450 calceos

167 2488 301 2572 poscunt,
322 2504 373 2552 aut
396 2511 458 2553 non
478 2492 593 2554 minore
609 2513 680 2554 cum
694 2494 784 2555 taedio
802 2494 952 2573 recubant,

166 2614 259 2678 quam
273 2606 306 2656 tu
331 2593 383 2659 ista
405 2594 454 2678 (fic
477 2598 557 2658 enim
573 2594 714 2682 appellas)
737 2599 869 2680 prodigia
889 2619 955 2680 per,

166 2699 264 2784 peffus
278 2700 327 2761 es?
350 2699 470 2764 Demus
484 2703 574 2783 igitur
588 2703 691 2766 alienis
707 2702 955 2765 obtestationibus

167 2806 299 2880 veniam,
320 2818 353 2866 ut
369 2803 472 2867 nostris
487 2806 691 2889 impetremus.
737 2805 825 2870 Vale.
902 2861 904 2863 ,
