2317 3767
235 285 278 354 70.
395 289 429 336 c.
452 282 567 337 ectu.
597 289 860 339 uetsnoanu·

188 517 189 522 ἵ
234 427 318 497 Cum
331 429 390 494 hoc
407 429 492 506 feria,
514 453 586 504 cum
603 434 662 496 hoe
678 432 764 517 jocos
778 430 893 496 miscui.
937 432 1024 518 Quid

231 536 314 599 enim
328 548 381 599 aut
394 536 447 600 illo
465 536 583 600 fidelius
602 539 712 614 amico,
736 550 789 601 aut
805 536 903 601 sodale
911 528 1024 623 jucunss

232 641 320 704 diue?
345 641 421 704 mira
434 640 467 704 in
480 639 630 720 sermone,
641 643 719 706 mira
734 644 826 707 etiam
844 644 876 706 in
890 664 942 706 ore
961 640 1024 726 ipso

233 745 378 829 vultuque
388 744 527 811 suavitas.
550 746 602 811 Ad
612 749 682 824 hoc,
697 748 851 832 ingenium
860 747 1022 825 excelsum,

231 847 350 927 subtile,
370 852 468 929 dulce,
491 849 591 929 facile,
614 853 765 917 eruditum
780 854 812 915 in
826 853 917 916 causts
931 873 1022 936 agen-

232 954 289 1016 dis.
335 954 479 1039 Epistolas
497 958 619 1041 quidem
638 957 749 1034 scribit,
773 972 807 1021 ut
826 956 1023 1043 musas-ipsas

232 1061 324 1124 latine
344 1061 426 1144 loqui
445 1063 557 1126 credas.
603 1060 734 1126 Amatur
748 1063 766 1125 ὲ
780 1084 829 1126 me
842 1064 1021 1147 plurimum,

231 1187 286 1229 nec
307 1179 408 1233 tamen
426 1168 566 1231 vincitur.
612 1167 762 1252 Equidem
780 1169 902 1253 juvenis
922 1168 1021 1231 statim

227 1271 335 1356 juveni
358 1285 505 1357 quantum
529 1273 614 1357 potui
641 1294 694 1357 per
713 1285 833 1336 aetatem
857 1272 1022 1336 avidiffune

234 1378 359 1455 contuli,
381 1374 413 1442 &
432 1400 527 1464 nuper
543 1381 581 1441 ab
596 1380 711 1462 optimo
720 1377 856 1462 Principe
870 1378 963 1441 trium
981 1378 1020 1440 li-

233 1485 376 1548 berorum
398 1485 427 1548 ei
444 1485 497 1568 jus
518 1485 686 1567 impettavi.
730 1482 825 1568 Qiod
849 1503 1022 1567 quanquam

232 1609 319 1671 parce
332 1590 363 1653 &
379 1608 450 1652 cum
470 1589 587 1652 delectu
605 1590 700 1664 daret,
724 1589 800 1651 mihi
819 1600 940 1663 tamem·
952 1599 1021 1649 tan·

231 1714 324 1776 quam
349 1692 480 1775 eligeret,
507 1692 637 1756 indulsit.
687 1693 765 1757 Haec
786 1692 930 1758 beneficia
953 1713 1023 1755 mea

232 1798 309 1861 tueri
319 1797 404 1860 nullo
414 1800 506 1862 modo
516 1798 641 1876 melius2
652 1819 745 1882 quam
758 1811 792 1861 ut
800 1818 939 1881 augeam,
953 1794 1021 1881 pos-

231 1900 313 1965 sum·
353 1901 519 1968 Praesertim
532 1923 604 1976 eum
619 1903 678 1988 ipse
695 1904 748 1976 illa
760 1916 826 1967 tam
836 1915 918 1987 grate
928 1903 1022 1965 inter-

232 2019 373 2089 pretetur,
393 2020 428 2071 ut
441 2010 515 2071 dum
534 2009 633 2092 prima
650 2009 766 2092 accipit,
781 2008 938 2093 posteriota
954 2028 1021 2071 me·

230 2124 340 2176 reatur.
383 2110 490 2184 Habes
511 2114 619 2198 qualis,
642 2134 735 2198 quam
747 2115 888 2197 probatus
900 2112 1022 2183 chami,

231 2216 443 2301 questtnobis.
485 2217 878 2305 Qemrogoproingenio,
892 2215 1023 2302 profer·
1150 2263 1151 2286 t

231 2334 306 2384 tuna
326 2333 379 2386 tua
412 2342 548 2387 exornes.
594 2322 736 2407 Inprimis
757 2345 836 2395 ama¹
850 2324 1034 2390 hominem.»

231 2424 319 2491 Nam
344 2428 413 2492 licet
439 2429 553 2494 tribuas
579 2431 609 2494 ei
637 2443 784 2514 quantum
809 2428 1022 2514 ampliffimum

230 2544 325 2615 potes,
348 2532 425 2598 nihil
438 2545 541 2597 tamen
554 2535 684 2617 amplius
700 2549 786 2619 ,potes
800 2535 931 2598 amicitia
943 2548 996 2598 tua
1008 2560 1022 2600 e
1150 2535 1151 2540 ’

231 2636 316 2721 cujus
326 2636 384 2701 effe
397 2659 468 2703 eum
481 2638 572 2725 usque
585 2641 618 2702 in
630 2641 771 2703 intimam
785 2637 1020 2712 familiaritatem

229 2763 383 2827 capacem,
403 2766 465 2830 quo
479 2746 573 2831 magis
587 2743 685 2823 scires,
704 2746 834 2811 breviter
843 2745 898 2809 tibi
911 2744 1018 2823 studia,

231 2869 349 2927 mores,¹
366 2869 489 2915 omnem
517 2851 646 2935 denique
675 2851 769 2914 vitam
793 2852 858 2936 ejus
874 2849 1016 2934 „expreffi

230 2952 431 3024 Extenderem
444 2976 558 3042 preces,
579 2955 674 3022 nist&
687 2969 722 3021 tu
731 2957 829 3043 rogari
842 2957 895 3021 diu
907 2955 1020 3035 nolles,
1150 3019 1151 3052 ¹
