2317 3767
233 283 295 353 154
403 283 437 332 C·
462 286 577 332 mn.
602 286 871 335 Errsrolnn.

226 431 333 493 redum
354 428 527 504 advocatus,
547 428 654 511 deinde
667 431 788 515 populi=
812 437 936 516 uterque
949 416 1038 516 per·¹

112 541 116 550 '
224 535 394 597 commode.
439 531 705 606 CaeciliosStrabo
719 536 824 600 aerario
842 534 955 601 censuit
969 539 1017 601 in·

224 635 405 703 ferendum:
429 637 555 702 -Baebius
564 639 674 704 Macer
687 641 855 705 haeredibus
869 645 1014 705 dandum.

187 737 193 743 ‘
223 741 369 809 Obtinuit
388 743 505 808 Strabo.
549 744 606 810 Tu
622 748 712 810 lauda
726 746 952 824 Marcellinum,
983 762 1018 811 ut

221 869 279 932 ego
292 849 391 913 statim
416 847 485 913 feci.
530 849 684 935 Quamvis
708 852 789 913 enim
815 853 933 915 abunde
953 850 1016 916 suf·
1109 929 1112 934 ἱ

223 954 304 1018 ficiat
318 956 374 1033 illi,
399 958 480 1041 quod
494 956 534 1019 est
556 957 587 1020 &
612 956 630 1021 ὲ
652 956 788 1040 Principe
809 959 840 1020 ἂ
864 959 882 1021 εἶ
906 956 1016 1021 Senatu

223 1065 376 1144 probatus,
393 1064 534 1147 gaudebit
553 1077 655 1127 tamen
668 1064 836 1128 testimonio
846 1077 910 1128 tuo.
934 1062 1016 1129 Om-

224 1187 277 1231 nes
288 1169 382 1244 enim,
397 1170 449 1252 qui
463 1170 558 1252 gloria
571 1165 712 1253 famaque
724 1172 884 1245 ducuntur,
903 1171 1016 1233 mirum

224 1272 258 1337 in
272 1276 398 1338 modum
423 1274 545 1339 allenfio
568 1276 600 1338 &
613 1277 679 1338 laus
702 1277 720 1338 a
744 1275 911 1354 minoribus
925 1276 1016 1338 etiam

223 1375 355 1462 profeola
366 1380 503 1443 delemat.
547 1380 600 1444 Te
612 1401 684 1443 vero
700 1378 899 1444 Marcellinus
913 1382 955 1444 ita
967 1403 1015 1444 re-

222 1497 353 1560 veretur,
377 1485 534 1569 utjudicio
548 1497 601 1548 tuo
611 1475 776 1567 plurimum
787 1485 908 1549 tribuat.
952 1485 1017 1549 Ac·

221 1592 301 1654 cedit
308 1592 366 1665 his,
390 1589 507 1673 quodsr
532 1591 705 1673 cognoverit
724 1586 841 1654 saelum
855 1589 942 1653 suum
962 1591 1017 1655 isto

222 1693 313 1777 usque
335 1692 507 1777 penetrasse,
535 1694 647 1758 neceffe
661 1694 701 1759 est
716 1697 811 1759 laudis
836 1695 895 1760 suae
922 1695 1016 1781 spatio

221 1800 252 1863 ἀ
276 1797 362 1861 cursu
390 1800 421 1864 ἃ
449 1801 683 1885 peregrinatione
707 1804 835 1865 laetetur.
891 1801 1015 1867 Etenim

222 1902 319 1968 nescio
337 1926 397 1988 quo
411 1906 499 1990 pallo
520 1909 569 1971 vel
588 1909 684 1991 magis
697 1909 836 1971 homines
846 1909 935 1993 juvat
946 1910 1014 1991 glo·

220 2008 265 2072 ria
277 2011 350 2088 lata,
377 2033 469 2095 quam
484 2006 606 2097 magna.
653 2013 741 2076 Vale.

279 2239 365 2283 Xlll.
412 2242 445 2287 C.
477 2243 630 2289 PLINIUS
653 2243 797 2290 TACl'l'O
823 2242 891 2289 SUO
919 2247 948 2290 S.

115 2447 117 2452 ·
228 2387 404 2503 Saevum
424 2449 453 2500 te
468 2437 500 2501 in
515 2441 621 2501 urbem
633 2438 743 2504 veniffe
756 2443 883 2523 gaudeo,
910 2442 1013 2507 venisti

220 2553 321 2606 autem
342 2542 483 2626 srquando
495 2545 580 2621 alias,
596 2566 677 2609 nunc
701 2547 832 2609 maxime
847 2548 923 2609 mihi
937 2548 1013 2610 desr·

219 2651 349 2712 deratus.
396 2647 462 2732 Ipse
476 2652 612 2733 pauculis
633 2654 731 2715 adhuc
745 2652 849 2714 diebus
862 2651 896 2714 in
906 2650 1013 2716 Thus·

219 2755 328 2819 culano
345 2756 565 2832 commorabor,
594 2771 629 2820 ut
648 2756 834 2840 opusculum,
863 2760 944 2841 quod
970 2756 1012 2820 est

219 2859 252 2923 in
275 2861 425 2938 manibus,
452 2860 615 2925 absolvam.
662 2861 785 2927 Vereor.
804 2865 897 2940 enim,
923 2885 961 2927 ne
988 2864 1010 2928 fi

219 2965 298 3029 hane
310 2966 506 3030 intentionem
516 2966 583 3051 jam
598 2969 630 3031 in
643 2968 736 3032 finem
758 2971 909 3049 laxavero,
933 2989 1011 3055 aegre
