<?xml version="1.0" encoding="UTF-8"?>
<!DOCTYPE html PUBLIC "-//W3C//DTD XHTML 1.0 Transitional//EN"
    "http://www.w3.org/TR/xhtml1/DTD/xhtml1-transitional.dtd">
<html xmlns="http://www.w3.org/1999/xhtml" xml:lang="en" lang="en">
 <head>
  <title>
</title>
<meta http-equiv="Content-Type" content="text/html;charset=utf-8" />
  <meta name='ocr-system' content='tesseract 3.04.00' />
  <meta name='ocr-capabilities' content='ocr_page ocr_carea ocr_par ocr_line ocrx_word'/>
</head>
<body>
  <div class='ocr_page' id='page_1' title='image "./cpliniicciliise01plingoog_0046.png"; bbox 0 0 2317 3767; ppageno 0'>
   <div class='ocr_carea' id='block_1_1' title="bbox 239 270 869 339">
    <p class='ocr_par' dir='ltr' id='par_1_1' title="bbox 239 270 869 339">
     <span class='ocr_line' id='line_1_1' title="bbox 239 270 869 339; baseline -0.002 -1"><span class='ocrx_word' id='word_1_1' title='bbox 239 270 280 339; x_wconf 82' lang='lat'>26</span> <span class='ocrx_word' id='word_1_2' title='bbox 394 289 429 335; x_wconf 84' lang='lat' dir='ltr'>e.</span> <span class='ocrx_word' id='word_1_3' title='bbox 455 289 574 334; x_wconf 75' lang='lat' dir='ltr'>ratu.</span> <span class='ocrx_word' id='word_1_4' title='bbox 605 288 869 338; x_wconf 76' lang='lat' dir='ltr'>rrrsrorar.</span> 
     </span>
    </p>
   </div>
   <div class='ocr_carea' id='block_1_2' title="bbox 235 428 1044 1767">
    <p class='ocr_par' dir='ltr' id='par_1_2' title="bbox 235 428 1044 1767">
     <span class='ocr_line' id='line_1_2' title="bbox 238 428 1027 515; baseline 0.004 -19"><span class='ocrx_word' id='word_1_5' title='bbox 238 428 351 496; x_wconf 84' lang='lat' dir='ltr'>nestam</span> <span class='ocrx_word' id='word_1_6' title='bbox 369 432 501 515; x_wconf 88' lang='lat' dir='ltr'>quietem</span> <span class='ocrx_word' id='word_1_7' title='bbox 526 430 598 496; x_wconf 86' lang='lat' dir='ltr'>huic</span> <span class='ocrx_word' id='word_1_8' title='bbox 616 431 721 496; x_wconf 83' lang='lat' dir='ltr'>nostrae</span> <span class='ocrx_word' id='word_1_9' title='bbox 743 432 901 497; x_wconf 88' lang='lat' dir='ltr'>ambitioni</span> <span class='ocrx_word' id='word_1_10' title='bbox 927 435 1027 500; x_wconf 89' lang='lat' dir='ltr'>dicam</span> 
     </span>
     <span class='ocr_line' id='line_1_3' title="bbox 237 536 1031 622; baseline 0.009 -23"><span class='ocrx_word' id='word_1_11' title='bbox 237 557 278 599; x_wconf 89' lang='lat' dir='ltr'>an</span> <span class='ocrx_word' id='word_1_12' title='bbox 303 537 454 621; x_wconf 73' lang='lat' dir='ltr'>dignitati,</span> <span class='ocrx_word' id='word_1_13' title='bbox 484 536 712 602; x_wconf 84' lang='lat' dir='ltr'>constantiffime</span> <span class='ocrx_word' id='word_1_14' title='bbox 740 539 882 622; x_wconf 75' lang='lat' dir='ltr'>praetulit.</span> <span class='ocrx_word' id='word_1_15' title='bbox 926 539 1031 606; x_wconf 80' lang='lat' dir='ltr'>Habet</span> 
     </span>
     <span class='ocr_line' id='line_1_4' title="bbox 237 642 1030 710; baseline 0.006 -5"><span class='ocrx_word' id='word_1_16' title='bbox 237 642 338 706; x_wconf 91' lang='lat' dir='ltr'>aviam</span> <span class='ocrx_word' id='word_1_17' title='bbox 360 655 528 708; x_wconf 84' lang='lat' dir='ltr'>maternam</span> <span class='ocrx_word' id='word_1_18' title='bbox 552 643 710 708; x_wconf 84' lang='lat' dir='ltr'>Serranam</span> <span class='ocrx_word' id='word_1_19' title='bbox 731 643 890 707; x_wconf 85' lang='lat' dir='ltr'>Proculam</span> <span class='ocrx_word' id='word_1_20' title='bbox 913 643 931 708; x_wconf 74' lang='grc' dir='ltr'><strong>ὃ</strong></span> <span class='ocrx_word' id='word_1_21' title='bbox 959 668 1030 710; x_wconf 87' lang='lat' dir='ltr'>mu·</span> 
     </span>
     <span class='ocr_line' id='line_1_5' title="bbox 237 748 1030 833; baseline 0.005 -21"><span class='ocrx_word' id='word_1_22' title='bbox 237 749 347 833; x_wconf 90' lang='lat' dir='ltr'>nicipio</span> <span class='ocrx_word' id='word_1_23' title='bbox 369 748 526 813; x_wconf 86' lang='lat' dir='ltr'>Patavino.</span> <span class='ocrx_word' id='word_1_24' title='bbox 571 748 663 814; x_wconf 86' lang='lat' dir='ltr'>Nosti</span> <span class='ocrx_word' id='word_1_25' title='bbox 676 751 735 813; x_wconf 90' lang='lat' dir='ltr'>loci</span> <span class='ocrx_word' id='word_1_26' title='bbox 748 771 858 813; x_wconf 80' lang='lat' dir='ltr'>mores.</span> <span class='ocrx_word' id='word_1_27' title='bbox 903 750 1030 816; x_wconf 88' lang='lat' dir='ltr'>Serrana</span> 
     </span>
     <span class='ocr_line' id='line_1_6' title="bbox 237 853 1030 942; baseline 0.006 -25"><span class='ocrx_word' id='word_1_28' title='bbox 237 864 339 918; x_wconf 80' lang='lat' dir='ltr'>tamen</span> <span class='ocrx_word' id='word_1_29' title='bbox 361 853 514 920; x_wconf 81' lang='lat' dir='ltr'>Patavinis</span> <span class='ocrx_word' id='word_1_30' title='bbox 532 875 652 939; x_wconf 81' lang='lat' dir='ltr'>quoquo</span> <span class='ocrx_word' id='word_1_31' title='bbox 670 853 831 920; x_wconf 83' lang='lat' dir='ltr'>severitatis</span> <span class='ocrx_word' id='word_1_32' title='bbox 856 859 1030 942; x_wconf 71' lang='lat' dir='ltr'>exemplum</span> 
     </span>
     <span class='ocr_line' id='line_1_7' title="bbox 236 958 1030 1046; baseline 0.004 -23"><span class='ocrx_word' id='word_1_33' title='bbox 236 958 289 1023; x_wconf 81' lang='lat' dir='ltr'>est.</span> <span class='ocrx_word' id='word_1_34' title='bbox 333 959 516 1044; x_wconf 80' lang='lat' dir='ltr'>Contigit&amp;</span> <span class='ocrx_word' id='word_1_35' title='bbox 535 961 742 1024; x_wconf 76' lang='lat' dir='ltr'>avunculuaei</span> <span class='ocrx_word' id='word_1_36' title='bbox 756 960 793 1026; x_wconf 87' lang='grc' dir='ltr'>Ρ.</span> <span class='ocrx_word' id='word_1_37' title='bbox 810 960 938 1038; x_wconf 73' lang='lat' dir='ltr'>Acilius,</span> <span class='ocrx_word' id='word_1_38' title='bbox 960 983 1030 1046; x_wconf 83' lang='lat' dir='ltr'>gra·</span> 
     </span>
     <span class='ocr_line' id='line_1_8' title="bbox 237 1053 1031 1151; baseline 0.003 -23"><span class='ocrx_word' id='word_1_39' title='bbox 237 1053 344 1143; x_wconf 79' lang='lat' dir='ltr'>vitate,</span> <span class='ocrx_word' id='word_1_40' title='bbox 374 1067 542 1151; x_wconf 88' lang='lat' dir='ltr'>prudentia,</span> <span class='ocrx_word' id='word_1_41' title='bbox 576 1065 636 1129; x_wconf 82' lang='lat' dir='ltr'>fide</span> <span class='ocrx_word' id='word_1_42' title='bbox 664 1088 755 1151; x_wconf 80' lang='lat' dir='ltr'>prope</span> <span class='ocrx_word' id='word_1_43' title='bbox 782 1066 933 1149; x_wconf 75' lang='lat' dir='ltr'>singulari.</span> <span class='ocrx_word' id='word_1_44' title='bbox 990 1067 1031 1132; x_wconf 91' lang='lat' dir='ltr'>ln</span> 
     </span>
     <span class='ocr_line' id='line_1_9' title="bbox 238 1169 1029 1256; baseline 0.003 -22"><span class='ocrx_word' id='word_1_45' title='bbox 238 1169 366 1247; x_wconf 83' lang='lat' dir='ltr'>stnnma,</span> <span class='ocrx_word' id='word_1_46' title='bbox 387 1171 530 1236; x_wconf 87' lang='lat' dir='ltr'>nihilerit</span> <span class='ocrx_word' id='word_1_47' title='bbox 540 1171 573 1235; x_wconf 90' lang='lat' dir='ltr'>in</span> <span class='ocrx_word' id='word_1_48' title='bbox 591 1173 684 1236; x_wconf 90' lang='lat' dir='ltr'>domo</span> <span class='ocrx_word' id='word_1_49' title='bbox 701 1184 776 1247; x_wconf 88' lang='lat' dir='ltr'>tota,</span> <span class='ocrx_word' id='word_1_50' title='bbox 797 1175 878 1256; x_wconf 89' lang='lat' dir='ltr'>quod</span> <span class='ocrx_word' id='word_1_51' title='bbox 896 1193 958 1237; x_wconf 91' lang='lat' dir='ltr'>non</span> <span class='ocrx_word' id='word_1_52' title='bbox 973 1174 1029 1236; x_wconf 84' lang='lat' dir='ltr'>tibi</span> 
     </span>
     <span class='ocr_line' id='line_1_10' title="bbox 238 1269 1044 1363; baseline 0.004 -23"><span class='ocrx_word' id='word_1_53' title='bbox 238 1269 388 1361; x_wconf 86' lang='lat' dir='ltr'>tanquam</span> <span class='ocrx_word' id='word_1_54' title='bbox 409 1278 441 1342; x_wconf 89' lang='lat' dir='ltr'>in</span> <span class='ocrx_word' id='word_1_55' title='bbox 466 1291 519 1342; x_wconf 91' lang='lat' dir='ltr'>tua</span> <span class='ocrx_word' id='word_1_56' title='bbox 541 1279 672 1363; x_wconf 77' lang='lat' dir='ltr'>placeat.</span> <span class='ocrx_word' id='word_1_57' title='bbox 714 1277 855 1342; x_wconf 84' lang='lat' dir='ltr'>Aciliano</span> <span class='ocrx_word' id='word_1_58' title='bbox 885 1299 957 1343; x_wconf 86' lang='lat' dir='ltr'>vero</span> <span class='ocrx_word' id='word_1_59' title='bbox 977 1278 1044 1363; x_wconf 59' lang='lat' dir='ltr'>ipfi,</span> 
     </span>
     <span class='ocr_line' id='line_1_11' title="bbox 236 1383 1030 1469; baseline 0.003 -23"><span class='ocrx_word' id='word_1_60' title='bbox 236 1383 403 1469; x_wconf 85' lang='lat' dir='ltr'>plurimum</span> <span class='ocrx_word' id='word_1_61' title='bbox 417 1385 539 1469; x_wconf 80' lang='lat' dir='ltr'>vigoris,</span> <span class='ocrx_word' id='word_1_62' title='bbox 554 1386 586 1449; x_wconf 75' lang='grc' dir='ltr'>δε</span> <span class='ocrx_word' id='word_1_63' title='bbox 603 1384 771 1448; x_wconf 79' lang='lat' dir='ltr'>induniriae:</span> <span class='ocrx_word' id='word_1_64' title='bbox 801 1404 974 1468; x_wconf 89' lang='lat' dir='ltr'>quanquam</span> <span class='ocrx_word' id='word_1_65' title='bbox 996 1385 1030 1448; x_wconf 90' lang='lat' dir='ltr'>in</span> 
     </span>
     <span class='ocr_line' id='line_1_12' title="bbox 237 1488 1031 1573; baseline 0 -21"><span class='ocrx_word' id='word_1_66' title='bbox 237 1490 373 1554; x_wconf 81' lang='lat' dir='ltr'>maxima</span> <span class='ocrx_word' id='word_1_67' title='bbox 396 1491 575 1554; x_wconf 77' lang='lat' dir='ltr'>verecundia</span> <span class='ocrx_word' id='word_1_68' title='bbox 605 1488 796 1573; x_wconf 72' lang='lat' dir='ltr'>quaesturam,</span> <span class='ocrx_word' id='word_1_69' title='bbox 830 1490 1031 1567; x_wconf 86' lang='lat' dir='ltr'>tribunatum,</span> 
     </span>
     <span class='ocr_line' id='line_1_13' title="bbox 235 1593 1032 1684; baseline 0 -25"><span class='ocrx_word' id='word_1_70' title='bbox 235 1607 398 1684; x_wconf 74' lang='lat' dir='ltr'>prmturam</span> <span class='ocrx_word' id='word_1_71' title='bbox 406 1593 603 1660; x_wconf 77' lang='lat' dir='ltr'>lroirellillime</span> <span class='ocrx_word' id='word_1_72' title='bbox 616 1595 809 1678; x_wconf 82' lang='lat' dir='ltr'>percucurrit,</span> <span class='ocrx_word' id='word_1_73' title='bbox 821 1595 925 1680; x_wconf 85' lang='lat' dir='ltr'>acjam</span> <span class='ocrx_word' id='word_1_74' title='bbox 933 1617 988 1679; x_wconf 93' lang='lat' dir='ltr'>pro</span> <span class='ocrx_word' id='word_1_75' title='bbox 1001 1596 1032 1659; x_wconf 85' lang='lat' dir='ltr'>se</span> 
     </span>
     <span class='ocr_line' id='line_1_14' title="bbox 235 1697 1032 1767; baseline 0.006 -5"><span class='ocrx_word' id='word_1_76' title='bbox 235 1697 292 1763; x_wconf 87' lang='lat' dir='ltr'>tibi</span> <span class='ocrx_word' id='word_1_77' title='bbox 320 1698 520 1764; x_wconf 76' lang='lat' dir='ltr'>necessitatem</span> <span class='ocrx_word' id='word_1_78' title='bbox 548 1701 701 1765; x_wconf 85' lang='lat' dir='ltr'>ambiendi</span> <span class='ocrx_word' id='word_1_79' title='bbox 730 1701 851 1765; x_wconf 74' lang='lat' dir='ltr'>remisit.</span> <span class='ocrx_word' id='word_1_80' title='bbox 903 1700 955 1766; x_wconf 78' lang='lat' dir='ltr'>En</span> <span class='ocrx_word' id='word_1_81' title='bbox 985 1704 1032 1767; x_wconf 91' lang='lat' dir='ltr'>illi</span> 
     </span>
    </p>
   </div>
   <div class='ocr_carea' id='block_1_3' title="bbox 235 1801 1154 1902">
    <p class='ocr_par' dir='ltr' id='par_1_3' title="bbox 235 1801 1154 1902">
     <span class='ocr_line' id='line_1_15' title="bbox 235 1801 1154 1902; baseline 0.004 -34"><span class='ocrx_word' id='word_1_82' title='bbox 235 1801 328 1868; x_wconf 78' lang='lat' dir='ltr'>facies</span> <span class='ocrx_word' id='word_1_83' title='bbox 348 1806 492 1884; x_wconf 79' lang='lat' dir='ltr'>libotalir,</span> <span class='ocrx_word' id='word_1_84' title='bbox 513 1808 612 1871; x_wconf 90' lang='lat' dir='ltr'>multo</span> <span class='ocrx_word' id='word_1_85' title='bbox 633 1805 785 1892; x_wconf 75' lang='lat' dir='ltr'>sanguim,</span> <span class='ocrx_word' id='word_1_86' title='bbox 812 1807 909 1871; x_wconf 91' lang='lat' dir='ltr'>multo</span> <span class='ocrx_word' id='word_1_87' title='bbox 922 1809 1031 1872; x_wconf 84' lang='lat' dir='ltr'>rubore</span> <span class='ocrx_word' id='word_1_88' title='bbox 1153 1893 1154 1902; x_wconf 8' lang='grc' dir='ltr'>ἵ</span> 
     </span>
    </p>
   </div>
   <div class='ocr_carea' id='block_1_4' title="bbox 229 1903 1034 2420">
    <p class='ocr_par' dir='ltr' id='par_1_4' title="bbox 229 1903 1034 2420">
     <span class='ocr_line' id='line_1_16' title="bbox 229 1903 1031 1998; baseline 0.005 -24"><span class='ocrx_word' id='word_1_89' title='bbox 229 1903 356 1976; x_wconf 63' lang='lat' dir='ltr'>&#39;suffusa</span> <span class='ocrx_word' id='word_1_90' title='bbox 382 1911 434 1977; x_wconf 83' lang='lat' dir='ltr'>Est</span> <span class='ocrx_word' id='word_1_91' title='bbox 446 1913 576 1998; x_wconf 82' lang='lat' dir='ltr'>ingenua</span> <span class='ocrx_word' id='word_1_92' title='bbox 583 1914 676 1977; x_wconf 71' lang='lat' dir='ltr'>totius</span> <span class='ocrx_word' id='word_1_93' title='bbox 684 1914 814 1998; x_wconf 87' lang='lat' dir='ltr'>corporis</span> <span class='ocrx_word' id='word_1_94' title='bbox 827 1913 1031 1996; x_wconf 85' lang='lat' dir='ltr'>pulchritudo,</span> 
     </span>
     <span class='ocr_line' id='line_1_17' title="bbox 234 2016 1031 2105; baseline 0.006 -24"><span class='ocrx_word' id='word_1_95' title='bbox 234 2016 267 2081; x_wconf 71' lang='grc' dir='ltr'>δι</span> <span class='ocrx_word' id='word_1_96' title='bbox 287 2019 411 2102; x_wconf 85' lang='lat' dir='ltr'>quidam</span> <span class='ocrx_word' id='word_1_97' title='bbox 426 2018 598 2084; x_wconf 75' lang='lat' dir='ltr'>Senatoriua</span> <span class='ocrx_word' id='word_1_98' title='bbox 616 2021 725 2084; x_wconf 69' lang='lat' dir='ltr'>dmorz</span> <span class='ocrx_word' id='word_1_99' title='bbox 756 2041 824 2105; x_wconf 80' lang='lat' dir='ltr'>quae</span> <span class='ocrx_word' id='word_1_100' title='bbox 843 2040 900 2103; x_wconf 79' lang='lat' dir='ltr'>ego</span> <span class='ocrx_word' id='word_1_101' title='bbox 918 2039 1031 2104; x_wconf 76' lang='lat' dir='ltr'>nequa·</span> 
     </span>
     <span class='ocr_line' id='line_1_18' title="bbox 234 2124 1034 2209; baseline 0.014 -24"><span class='ocrx_word' id='word_1_102' title='bbox 234 2141 328 2206; x_wconf 77' lang='lat' dir='ltr'>qnam</span> <span class='ocrx_word' id='word_1_103' title='bbox 349 2125 477 2188; x_wconf 84' lang='lat' dir='ltr'>arbitror</span> <span class='ocrx_word' id='word_1_104' title='bbox 501 2126 687 2209; x_wconf 79' lang='lat' dir='ltr'>negligenda.</span> <span class='ocrx_word' id='word_1_105' title='bbox 741 2124 844 2189; x_wconf 85' lang='lat' dir='ltr'>Debet</span> <span class='ocrx_word' id='word_1_106' title='bbox 866 2125 949 2190; x_wconf 86' lang='lat' dir='ltr'>enim</span> <span class='ocrx_word' id='word_1_107' title='bbox 974 2126 1034 2196; x_wconf 74' lang='lat' dir='ltr'>hoe</span> 
     </span>
     <span class='ocr_line' id='line_1_19' title="bbox 234 2227 1031 2314; baseline 0.004 -23"><span class='ocrx_word' id='word_1_108' title='bbox 234 2227 359 2291; x_wconf 74' lang='lat' dir='ltr'>castitati</span> <span class='ocrx_word' id='word_1_109' title='bbox 366 2229 534 2312; x_wconf 85' lang='lat' dir='ltr'>puellarum</span> <span class='ocrx_word' id='word_1_110' title='bbox 544 2229 626 2313; x_wconf 85' lang='lat' dir='ltr'>quast</span> <span class='ocrx_word' id='word_1_111' title='bbox 636 2230 795 2314; x_wconf 78' lang='lat' dir='ltr'>praemium</span> <span class='ocrx_word' id='word_1_112' title='bbox 806 2231 881 2294; x_wconf 85' lang='lat' dir='ltr'>dari.</span> <span class='ocrx_word' id='word_1_113' title='bbox 905 2228 1031 2306; x_wconf 71' lang='lat' dir='ltr'>Nescio,</span> 
     </span>
     <span class='ocr_line' id='line_1_20' title="bbox 235 2332 1028 2420; baseline 0.003 -23"><span class='ocrx_word' id='word_1_114' title='bbox 235 2352 275 2397; x_wconf 89' lang='lat' dir='ltr'>an</span> <span class='ocrx_word' id='word_1_115' title='bbox 293 2333 444 2418; x_wconf 82' lang='lat' dir='ltr'>adjiciam,</span> <span class='ocrx_word' id='word_1_116' title='bbox 464 2334 522 2399; x_wconf 76' lang='lat' dir='ltr'>effe</span> <span class='ocrx_word' id='word_1_117' title='bbox 543 2336 620 2419; x_wconf 89' lang='lat' dir='ltr'>patri</span> <span class='ocrx_word' id='word_1_118' title='bbox 641 2336 708 2420; x_wconf 80' lang='lat' dir='ltr'>ejus</span> <span class='ocrx_word' id='word_1_119' title='bbox 722 2337 837 2420; x_wconf 83' lang='lat' dir='ltr'>amplas</span> <span class='ocrx_word' id='word_1_120' title='bbox 858 2332 1028 2406; x_wconf 76' lang='lat' dir='ltr'>facultates.</span> 
     </span>
    </p>
   </div>
   <div class='ocr_carea' id='block_1_5' title="bbox 234 2436 1153 2527">
    <p class='ocr_par' dir='ltr' id='par_1_5' title="bbox 234 2436 1153 2527">
     <span class='ocr_line' id='line_1_21' title="bbox 234 2436 1153 2527; baseline 0.007 -25"><span class='ocrx_word' id='word_1_121' title='bbox 234 2436 322 2503; x_wconf 84' lang='lat' dir='ltr'>Nam</span> <span class='ocrx_word' id='word_1_122' title='bbox 348 2461 420 2505; x_wconf 86' lang='lat' dir='ltr'>cum</span> <span class='ocrx_word' id='word_1_123' title='bbox 450 2441 599 2525; x_wconf 79' lang='lat' dir='ltr'>imaginor</span> <span class='ocrx_word' id='word_1_124' title='bbox 628 2462 694 2518; x_wconf 84' lang='lat' dir='ltr'>vos,</span> <span class='ocrx_word' id='word_1_125' title='bbox 733 2442 844 2527; x_wconf 80' lang='lat' dir='ltr'>quibus</span> <span class='ocrx_word' id='word_1_126' title='bbox 868 2444 1035 2527; x_wconf 71' lang='lat' dir='ltr'>qrnerinua</span> <span class='ocrx_word' id='word_1_127' title='bbox 1152 2455 1153 2476; x_wconf 66' lang='lat'>¹</span> 
     </span>
    </p>
   </div>
   <div class='ocr_carea' id='block_1_6' title="bbox 232 2545 1036 3067">
    <p class='ocr_par' dir='ltr' id='par_1_6' title="bbox 232 2545 1036 3067">
     <span class='ocr_line' id='line_1_22' title="bbox 235 2545 1035 2633; baseline 0.004 -24"><span class='ocrx_word' id='word_1_128' title='bbox 235 2565 392 2633; x_wconf 72' lang='lat' dir='ltr'>generum,</span> <span class='ocrx_word' id='word_1_129' title='bbox 418 2547 564 2612; x_wconf 72' lang='lat' dir='ltr'>silendum</span> <span class='ocrx_word' id='word_1_130' title='bbox 583 2549 621 2611; x_wconf 81' lang='lat' dir='ltr'>de</span> <span class='ocrx_word' id='word_1_131' title='bbox 642 2545 836 2612; x_wconf 82' lang='lat' dir='ltr'>facultatibus</span> <span class='ocrx_word' id='word_1_132' title='bbox 850 2561 939 2631; x_wconf 78' lang='lat' dir='ltr'>puto,</span> <span class='ocrx_word' id='word_1_133' title='bbox 962 2567 1035 2613; x_wconf 85' lang='lat' dir='ltr'>curn</span> 
     </span>
     <span class='ocr_line' id='line_1_23' title="bbox 234 2652 1035 2738; baseline 0.002 -22"><span class='ocrx_word' id='word_1_134' title='bbox 234 2652 369 2736; x_wconf 75' lang='lat' dir='ltr'>publicos</span> <span class='ocrx_word' id='word_1_135' title='bbox 382 2673 502 2731; x_wconf 78' lang='lat' dir='ltr'>morea,</span> <span class='ocrx_word' id='word_1_136' title='bbox 523 2669 612 2738; x_wconf 84' lang='lat' dir='ltr'>atque</span> <span class='ocrx_word' id='word_1_137' title='bbox 633 2654 726 2718; x_wconf 78' lang='lat' dir='ltr'>otiam</span> <span class='ocrx_word' id='word_1_138' title='bbox 739 2656 819 2738; x_wconf 79' lang='lat' dir='ltr'>leges</span> <span class='ocrx_word' id='word_1_139' title='bbox 837 2653 966 2733; x_wconf 78' lang='lat' dir='ltr'>civitatis</span> <span class='ocrx_word' id='word_1_140' title='bbox 984 2655 1035 2718; x_wconf 80' lang='lat' dir='ltr'>in·</span> 
     </span>
     <span class='ocr_line' id='line_1_24' title="bbox 235 2758 1036 2844; baseline 0.002 -23"><span class='ocrx_word' id='word_1_141' title='bbox 235 2769 333 2834; x_wconf 81' lang='lat' dir='ltr'>tueor,</span> <span class='ocrx_word' id='word_1_142' title='bbox 354 2779 423 2843; x_wconf 84' lang='lat' dir='ltr'>quae</span> <span class='ocrx_word' id='word_1_143' title='bbox 437 2760 487 2824; x_wconf 83' lang='lat' dir='ltr'>vel</span> <span class='ocrx_word' id='word_1_144' title='bbox 505 2760 644 2844; x_wconf 83' lang='lat' dir='ltr'>inprimis</span> <span class='ocrx_word' id='word_1_145' title='bbox 655 2759 758 2824; x_wconf 83' lang='lat' dir='ltr'>census</span> <span class='ocrx_word' id='word_1_146' title='bbox 780 2761 942 2824; x_wconf 85' lang='lat' dir='ltr'>hominum</span> <span class='ocrx_word' id='word_1_147' title='bbox 955 2758 1036 2843; x_wconf 79' lang='lat' dir='ltr'>spee-</span> 
     </span>
     <span class='ocr_line' id='line_1_25' title="bbox 232 2861 1036 2950; baseline 0.004 -23"><span class='ocrx_word' id='word_1_148' title='bbox 232 2865 339 2930; x_wconf 70' lang='lat' dir='ltr'>turdos</span> <span class='ocrx_word' id='word_1_149' title='bbox 361 2864 554 2941; x_wconf 87' lang='lat' dir='ltr'>arbitrantur,</span> <span class='ocrx_word' id='word_1_150' title='bbox 583 2886 624 2928; x_wconf 80' lang='lat' dir='ltr'>no</span> <span class='ocrx_word' id='word_1_151' title='bbox 648 2867 681 2930; x_wconf 89' lang='lat' dir='ltr'>id</span> <span class='ocrx_word' id='word_1_152' title='bbox 703 2866 825 2950; x_wconf 85' lang='lat' dir='ltr'>quidem</span> <span class='ocrx_word' id='word_1_153' title='bbox 849 2861 1036 2948; x_wconf 83' lang='lat' dir='ltr'>praetereun-</span> 
     </span>
     <span class='ocr_line' id='line_1_26' title="bbox 232 2968 1033 3067; baseline -0.009 -27"><span class='ocrx_word' id='word_1_154' title='bbox 232 2969 451 3040; x_wconf 75' lang='lat' dir='ltr'>dunvidenu.</span> <span class='ocrx_word' id='word_1_155' title='bbox 473 3059 477 3067; x_wconf 90' lang='lat'><strong>.</strong></span> <span class='ocrx_word' id='word_1_156' title='bbox 497 2968 673 3035; x_wconf 80' lang='lat' dir='ltr'>Etsarrede</span> <span class='ocrx_word' id='word_1_157' title='bbox 692 2969 825 3054; x_wconf 80' lang='lat' dir='ltr'>potieris,</span> <span class='ocrx_word' id='word_1_158' title='bbox 845 2971 876 3036; x_wconf 68' lang='grc' dir='ltr'><strong>ἃ</strong></span> <span class='ocrx_word' id='word_1_159' title='bbox 901 2970 1033 3053; x_wconf 76' lang='lat' dir='ltr'>birplu-</span> 
     </span>
    </p>
   </div>
   <div class='ocr_carea' id='block_1_7' title="bbox 0 0 1164 3767">
    <p class='ocr_par' dir='ltr' id='par_1_7' title="bbox 0 0 1164 3767">
     <span class='ocr_line' id='line_1_27' title="bbox 0 0 1164 3767; baseline 0 1"><span class='ocrx_word' id='word_1_160' title='bbox 0 0 1164 3767; x_wconf 95' lang='lat' dir='ltr'> </span> 
     </span>
    </p>
   </div>
  </div>
 </body>
</html>
