2317 3767
402 282 694 339 ururxvi.
887 282 946 346 241

156 425 243 492 dium
254 424 422 499 formidinis
435 428 611 501 didiitabat:
636 441 702 492 tum
715 424 745 489 se
760 425 853 510 quieti
867 427 949 491 dedit

152 534 189 597 dc
215 530 340 617 quievit,
368 534 515 601 veriffiino
542 536 667 618 quidem
689 531 805 596 somno.
859 531 947 597 Nam

154 654 271 703 meatus
286 638 408 717 animae,
438 642 490 725 qui
516 639 561 705 illi
580 652 700 724 propter
719 636 948 722 amplitudinem

154 745 284 828 corporis
309 746 428 828 gravior
452 747 483 809 ἃ
505 745 655 810 sonantior
677 757 749 822 erat,
780 742 874 808 abiis
894 742 947 829 qui

14 860 22 877 '
152 849 252 915 limini
280 850 523 928 observabantur,
563 851 749 915 audiebatur.
794 848 852 912 Sed
880 870 948 913 area

152 976 192 1019 ex
204 969 341 1040 quaaeta
361 957 510 1032 adibatur,
526 954 568 1019 ita
583 958 650 1041 jam
662 957 774 1045 volnere,
790 953 948 1040 mixtisque

152 1060 324 1144 pumicibus
345 1061 463 1142 oppleta
484 1059 660 1137 surrexerat,
681 1074 716 1123 ut
737 1060 758 1123 si
780 1060 896 1145 longior
914 1060 946 1124 in
1074 1132 1080 1147 ¹

153 1164 292 1231 cubiculo
307 1185 392 1226 mora
406 1163 486 1240 esset,
504 1165 602 1227 exitus
615 1180 781 1248 negaretur.
824 1165 949 1230 Excita-

153 1285 203 1334 tus
216 1268 360 1353 procedit,
375 1267 461 1353 seque
476 1269 695 1353 Pomponiano,
709 1270 876 1356 caeterisque
894 1271 947 1355 qui

153 1375 373 1459 pervigilarant,
390 1374 495 1441 reddit.
540 1375 581 1438 In
595 1396 756 1437 eommune
767 1374 945 1452 consultant,

152 1501 191 1542 an
206 1481 283 1547 intra
296 1480 376 1544 tecla
395 1479 556 1558 subsistant,
574 1503 614 1543 an
629 1482 661 1543 in
674 1492 777 1564 aperto
789 1492 943 1561 vagentur.

151 1579 240 1648 Nam
248 1585 504 1671 crebrisvastisque
512 1586 692 1650 tremoribus
700 1585 778 1649 tesia
786 1586 944 1660 nutabant,

123 1742 125 1749 ,
151 1689 183 1751 &
197 1689 277 1773 quasi
291 1704 391 1757 emota
404 1689 520 1755 sedibus
541 1690 600 1755 suis
622 1712 704 1754 nunc
717 1692 788 1766 buc,
804 1710 884 1753 nunc
906 1690 944 1752 il·

151 1786 201 1861 luc
216 1792 308 1869 abire,
329 1806 381 1857 aut
392 1792 493 1859 referri
504 1797 692 1859 videbantur.
735 1795 799 1858 Sub
812 1796 863 1859 dio
877 1817 944 1859 rur·
1071 1849 1074 1854 .

150 1896 210 1974 sus,
227 1919 399 1984 quanquam
426 1900 539 1963 levium
556 1899 769 1984 exesorumque
787 1902 942 1983 pumicum
960 1980 966 1994 ·

149 2004 232 2068 casus
258 2007 457 2068 metuebatur.
502 2004 596 2090 Quod
624 2019 724 2068 tamen
745 2006 942 2092 periculoemn

149 2111 269 2179 collatio
281 2111 381 2193 elegit,
393 2112 423 2174 δι
437 2113 516 2193 apud
527 2112 613 2174 illum
627 2111 749 2196 quidem
763 2113 839 2175 ratio
852 2112 942 2175 ratio·

150 2234 232 2291 nem,
254 2217 333 2299 apud
355 2216 429 2279 alius
443 2203 593 2281 'timorem
609 2219 700 2280 timor
713 2217 795 2293 vicit,
810 2220 941 2281 cervica-

149 2319 192 2381 lia
204 2320 349 2403 capitibus
369 2320 503 2404 imposita
524 2323 624 2385 linteis
643 2296 860 2407 consiringilnt.
902 2323 940 2388 ld

149 2424 372 2491 munimentum
395 2425 533 2491 adversus
557 2428 723 2491 decidentia
745 2427 816 2493 fuit.
866 2428 939 2511 Jam

150 2528 213 2590 dies
228 2529 311 2605 alibi,
336 2531 396 2592 illic
417 2552 479 2593 nox
503 2534 645 2597 omnibus
666 2532 804 2598 nostibus
828 2533 941 2617 nigrior

147 2631 339 2718 densiorque:
367 2657 459 2719 quain
485 2650 587 2700 tamen
612 2634 691 2702 facea
705 2640 821 2715 multae,
842 2639 938 2700 varia-

71 2786 73 2789 ,
150 2758 208 2820 que
226 2737 331 2801 limina
345 2737 508 2804 solvebant.
553 2737 670 2805 Placuit
689 2745 788 2826 egredi
809 2742 936 2819 inlitus,

143 2840 211 2906 &e
231 2843 368 2926 proximo
378 2843 515 2927 aspicere,
530 2848 636 2931 ecquid
649 2848 716 2931 jam
735 2868 816 2911 mare
829 2849 939 2911 admit·

147 2959 233 3028 teret,
259 2950 340 3032 quod
353 2949 452 3012 adhuc
471 2951 587 3014 vastum
606 2953 637 3015 ὅ(
651 2951 806 3016 adversum
819 2972 937 3038 perma-
