2317 3767
391 298 657 349 rraeux.
849 297 911 367 453

119 446 173 532 p'er
186 448 254 531 quae
267 466 328 509 non
343 446 523 529 periclitetur
535 442 698 519 exhauriri,
720 444 750 507 ἃ
765 434 860 525 magis
878 443 910 504 in

120 554 189 616 usus
211 552 298 616 nobis
319 549 437 614 futurus
462 551 506 614 fit.
551 548 635 613 Elice
663 548 752 632 igitur
774 535 808 610 id
830 549 910 631 quod

118 656 265 742 praecipue
284 678 329 720 res
344 654 403 740 ipsa
417 653 544 719 suaserit.
588 653 813 738 Calphurnium
836 652 910 715 Ma-

120 784 205 825 crum
228 765 317 825 credo
339 759 490 824 facturum
506 772 539 822 ut
558 766 587 822 te
610 760 748 823 libratore
768 758 908 821 instruatt

121 890 217 953 neque
231 868 313 930 enim
324 865 484 949 provinciae
495 864 555 927 istae
565 865 613 927 his
625 864 785 927 artificibus
797 876 908 926 carent.

215 1095 313 1140 LXXI·
359 1092 392 1139 C.
419 1093 572 1139 PLINIUS
601 1094 660 1139 ΤΚ.
684 1093 768 1139 IMP.
794 1094 822 1137 S.

123 1236 312 1362 Maera,
330 1287 476 1363 Domine,
500 1287 588 1350 &ad
612 1298 706 1350 totam
729 1286 913 1369 provinciam

123 1393 273 1475 pertinens
284 1391 405 1475 quaestio
421 1392 472 1468 est,
496 1394 532 1454 de
543 1394 711 1455 conditione
724 1392 914 1456 &alimentis

124 1517 241 1572 eorum,
259 1518 333 1580 quos
349 1510 457 1559 vocant
479 1497 618 1579 apertat:
638 1499 669 1560 in
684 1520 743 1580 qua
758 1518 814 1579 ego
828 1496 914 1558 audi-

124 1601 162 1663 tis
176 1600 432 1665 constitutionibus
447 1596 627 1686 principum,
654 1604 724 1687 quia
738 1604 814 1665 nihil
830 1603 915 1663 inve-

125 1707 245 1769 niebam
264 1719 315 1768 aut
336 1708 500 1790 proprium,
516 1719 568 1771 aut
586 1707 759 1783 universale,
783 1709 863 1791 quod
878 1709 914 1768 ad

125 1810 271 1896 Bithynos
286 1809 422 1889 serretur,
450 1811 665 1874 consulendum
689 1826 719 1875 te
738 1814 914 1888 existimavi,

125 1916 198 2000 quid
220 1915 367 1979 observari
387 1916 490 1979 velles.
545 1917 656 2000 Neque
684 1919 764 1979 enim
800 1919 914 2001 putavi,

120 2021 204 2106 'posse
229 2043 279 2084 me
301 2023 332 2084 in
357 2042 404 2098 eu,
431 2023 511 2104 quod
531 2023 738 2085 auctoritatem
751 2038 835 2086 tuam
850 2023 916 2107 pos·

126 2141 215 2204 ceret,
243 2127 386 2210 exemplis
415 2127 471 2189 esse
494 2139 679 2190 contentum.
725 2127 918 2192 Recitabatur

128 2249 228 2296 autem
251 2235 329 2317 apud
355 2254 404 2296 me
420 2232 564 2309 edictum,
588 2236 669 2315 quod
688 2235 841 2296 dicebatur
854 2235 915 2296 divi

128 2337 254 2421 Augusti
266 2340 303 2400 ad
318 2337 452 2401 Anniam
461 2338 623 2422 pertinens,
633 2338 761 2400 recitatae
770 2341 800 2402 bc
811 2339 916 2422 episto·

63 2433 65 2436 ’
128 2445 166 2506 lae
191 2444 252 2506 divi
270 2442 437 2526 Vespasiani
462 2445 500 2505 ad
528 2439 787 2519 Lacedaemonios,
811 2445 916 2507 &divi

129 2547 198 2612 Titi
214 2550 251 2610 ad
265 2547 394 2624 eosdem,
407 2548 476 2610 dein
488 2550 525 2609 ad
542 2546 684 2623 Achaeos,
701 2551 731 2610 δε
748 2547 917 2612 Domitiani

129 2657 166 2717 ad
195 2652 343 2718 Avidium
371 2651 538 2734 Nigrinum
559 2653 590 2714 ἃ
620 2650 800 2715 Armenium
827 2654 919 2717 Broc-

129 2761 222 2823 chum
249 2757 455 2842 proconsules:
491 2757 564 2819 item
593 2759 631 2819 ad
661 2754 918 2837 Lacedaemonios,

130 2888 198 2951 quae
222 2865 290 2928 ideo
317 2864 372 2926 tibi
391 2883 452 2925 non
473 2861 550 2938 misr,
570 2863 641 2945 quia
654 2863 684 2924 δε
698 2883 804 2944 parum
816 2884 918 2926 emen-

131 2974 212 3048 data,
233 2971 263 3035 δι
283 2970 421 3054 quaedam
449 2988 511 3030 non
530 2980 618 3030 certae
639 2967 708 3030 fidei
730 2969 919 3047 videbantur,

466 3075 555 3162 Ger
