2317 3767
309 336 311 339 ,
420 286 738 335 rasurum.
915 260 975 353 277

191 450 216 465 “’
262 450 326 514 'vr.
359 468 750 520 c.rrmrusuacr1uo
775 442 843 515 suo
867 469 896 513 s.

189 590 337 715 Rene,
360 639 392 703 ἃ
416 641 558 702 nonnius
578 660 626 702 res
650 640 774 722 contigit
785 638 917 717 Vareno,
943 638 977 704 srt

184 745 255 807 licet
268 747 365 808 adhuc
379 746 481 807 dubia.
527 744 651 828 Bithyni
670 742 885 808 accusationem
897 744 975 830 ejus,

186 862 220 912 ut
247 861 359 913 temere
380 850 565 925 inchoatam,
592 850 716 914 omisrffe
737 846 913 913 narrantur':
938 853 976 912 de

184 975 222 1017 eo
250 954 329 1027 adest
351 954 513 1037 provinciae
537 955 671 1037 legatus:
700 952 799 1018 attulit
822 959 975 1018 decretum

184 1059 305 1122 concilii
324 1062 363 1121 ad
389 1057 553 1135 Caesarem,
576 1060 676 1123 attulit
699 1061 868 1124 ad'multos
892 1062 974 1146 prin-
1003 1085 1005 1088 ⁴

185 1166 265 1248 cipes
288 1164 379 1240 viros,
410 1165 509 1227 attulit
540 1166 632 1228 etiam
657 1168 695 1228 ad
718 1162 773 1229 nos
790 1163 974 1228 Vareni'ad-

185 1283 316 1334 vocatos.
369 1269 481 1333 Perstat
505 1282 607 1332 tamen
637 1272 717 1333 idem
747 1270 799 1332 ille
834 1269 970 1354 Magius,

184 1377 257 1460 quin
289 1376 380 1438 etiam
409 1374 576 1457 Nigrinum
601 1376 750 1459 optimum
777 1374 877 1436 virum
905 1396 973 1458 per·

182 1481 356 1545 tinacissimc
375 1493 511 1543 exercet.
556 1481 614 1544 Per
638 1482 719 1549 hunc
746 1482 774 1544 Ξ·
789 1479 973 1545 Consulibus

184 1584 359 1668 postulabat,
382 1598 416 1648 ut
431 1584 569 1649 Varenus
591 1587 731 1650 exhibere
744 1586 872 1649 rationes
886 1605 974 1669 coge-

184 1701 276 1752 retur.
326 1689 500 1753 Affistebam
535 1690 658 1755 Vareno
683 1692 750 1776 jam
782 1688 913 1767 tantum,
941 1703 974 1754 ut

183 1795 309 1871 amicus,
321 1797 352 1858 δι
365 1807 460 1859 tacere
474 1799 674 1859 decreveram.
704 1796 796 1860 Nihil
809 1795 891 1863 enim
909 1808 973 1859 tam

183 1900 387 1977 contrarium,
404 1921 496 1984 quarn
519 1902 540 1964 fi
555 1903 715 1965 advocatus
730 1904 748 1966 ὲ
763 1900 874 1989 Senatu
887 1903 974 1964 datus

183 2002 386 2082 defenderem,
411 2020 444 2069 ut
468 2027 566 2083 reum,
590 2007 638 2070 cui
651 2026 727 2090 opus
741 2006 825 2084 esset,
849 2028 888 2070 ne
906 1998 974 2071 reus

183 2113 343 2173 videretur.
388 2109 473 2175 Cum
487 2124 588 2174 tamen
603 2111 687 2176 finita
699 2111 892 2197 postulatione
911 2113 974 2177 Ni-

182 2218 271 2300 grini,
286 2215 432 2281 Consules
441 2218 479 2279 ad
494 2238 543 2279 me
553 2220 656 2281 oculos
670 2218 843 2293 retulissent,
855 2217 973 2294 deictis,

184 2322 321 2405 inquam,
346 2322 468 2408 constare
488 2322 566 2386 nobis
578 2323 692 2408 ſslentii
718 2323 805 2409 nostri
825 2323 972 2401 rationem,

174 2449 246 2489 ’cum
275 2450 358 2490 veros
382 2429 485 2510 legatos
513 2428 672 2514 provincia
698 2428 849 2493 audieritis
875 2443 973 2493 contra

184 2531 353 2615 Nigrinum,
383 2535 425 2595 ad
444 2556 524 2616 quem
551 2534 623 2620 miffl
634 2535 728 2619 sunte
750 2534 811 2618 Ego
831 2536 910 2619 apud
929 2555 973 2596 me

183 2658 287 2722 quoque
305 2637 391 2701 habeo
414 2640 553 2702 decretum
569 2639 739 2724 provincia.
784 2634 971 2716 Rursusille,

183 2743 278 2828 Potest
290 2741 346 2806 tibi
367 2742 482 2826 liquere.
527 2741 579 2807 Ad
593 2746 650 2807 hoc
665 2756 731 2827 ego,
755 2741 790 2805 Si
804 2741 859 2805 eibi
870 2765 904 2805 ex
923 2743 971 2805 di-

182 2848 485 2933 verso'liquet,¹potest
500 2851 535 2913 &
554 2847 635 2926 mihi,
658 2853 734 2934 quod
752 2850 790 2933 est
813 2847 921 2925 melius,
940 2848 971 2912 ier

184 2951 269 3038 carisa
288 2951 404 3037 liquere.
448 2950 538 3017 Tum
561 2954 676 3036 legatus
690 2954 849 3038 Polyaenus
870 2953 970 3019 causas
