2317 3767
213 249 274 319 186
374 272 408 317 c.
438 270 554 318 rim.
579 270 842 323 instem.

301 538 338 585 V·
371 538 405 583 C·
430 537 578 583 PLINIUS
603 535 762 584 Maxtmo
787 536 857 584 SUO
880 536 910 584 8.

209 683 471 797 Nummum
497 729 574 793 mihi
596 727 647 806 est,
674 727 716 794 C.
736 729 890 795 Fannium
904 730 1005 795 deces-

206 835 288 899 fiffe:
316 837 368 921 qui
389 837 517 900 nuncius
540 836 625 919 gravi
641 858 703 900 -me
725 838 827 903 dolore
853 833 1003 901 confudit.

207 940 358 1019 Primum,
378 945 459 1026 quod
474 943 574 1006 amavi
597 942 754 1005 hominem
776 943 956 1026 elegantem,
975 944 1008 1008 &

206 1048 368 1113 disertum:
395 1049 514 1125 deinde,
537 1051 619 1134 quod
634 1048 752 1143 judicio
775 1049 839 1132 ejus
865 1047 910 1111 uti
928 1046 1006 1110 sole·

207 1157 290 1223 bam.
335 1155 409 1221 Erat
422 1156 505 1219 enim
518 1167 626 1218 natura
646 1140 762 1232 amitus,
786 1152 839 1217 usu
860 1153 1005 1217 exercita-

206 1273 269 1338 tus,
287 1262 429 1325 varietate
442 1261 687 1346 promptiffimus.
732 1258 830 1344 Angit
849 1280 899 1323 me
920 1257 1007 1343 super

208 1366 262 1431 ista
289 1366 373 1431 casus
397 1366 497 1452 ipfius.
542 1366 674 1431 Deoeffit
700 1367 793 1430 veteri
818 1365 1003 1430 testamento.

208 1470 332 1550 Omisit,
347 1494 422 1557 quoe
437 1473 569 1539 maxime
584 1473 743 1554 diligebat:
769 1470 938 1556 prosecutus
952 1470 1005 1548 est,

206 1579 315 1664 quibua
328 1577 465 1643 offenfior
486 1589 560 1643 erat.
606 1577 664 1641 Sed
685 1578 743 1645 hoc
762 1591 914 1662 utcunque
928 1579 1006 1641 tole-

209 1686 320 1751 rabile:
344 1683 464 1767 gravius
478 1684 566 1761 illud,
589 1685 671 1768 quod
681 1684 918 1769 puldterrimum
932 1705 1008 1768 opus

209 1786 420 1873 imperfeetum
434 1790 564 1875 reliquit.
610 1787 761 1875 Qiamvis
784 1789 867 1852 enim
886 1789 1008 1873 agendis

210 1894 304 1958 causis
337 1894 568 1980 distringeretur,
602 1896 747 1963 scribebat
779 1908 881 1959 tamen
909 1897 1008 1961 exitus

210 1999 386 2078 occisorum,
411 2015 465 2066 aut
477 2003 676 2087 relegatorum
693 2004 711 2065 a
732 2001 877 2067 Nerone:
900 2001 1009 2094 &jam

211 2121 271 2170 tres
284 2108 377 2172 libros
392 2106 555 2172 absolverat
572 2106 706 2186 subtiles,
733 2108 764 2171 &
786 2108 954 2191 diIigentes,
977 2108 1009 2173 ἃ

212 2212 352 2291 Latinos,
393 2223 482 2298 atque
507 2214 584 2276 inter
607 2211 774 2277 sermonem
798 2211 1009 2297 historiamque

212 2319 339 2383 medios.
389 2318 438 2383 Ac
463 2331 547 2385 tanto
580 2320 677 2404 magis
710 2321 840 2405 reliqum
869 2319 1008 2405 perficere

210 2424 360 2508 cupiebat,
384 2438 499 2510 quanto
522 2422 709 2510 frequentina
728 2427 762 2491 hi
782 2426 1004 2494 lettitahantur.

213 2530 298 2597 Mihi
312 2545 414 2595 autem
427 2533 545 2596 videtur
558 2535 663 2597 acerba
675 2531 790 2618 semper
802 2532 833 2597 δι
847 2533 1010 2598 immatura

214 2659 297 2713 mors
320 2658 437 2715 eorum,
466 2638 518 2721 qui
553 2639 725 2703 immottale
749 2640 861 2725 aliquid
889 2651 1007 2724 parant.

213 2742 302 2809 Nam
316 2744 369 2828 qui
379 2744 580 2828 voluptatibus
595 2745 699 2822 dediti,
720 2746 802 2831 quasi
815 2747 849 2810 in
865 2748 948 2811 diem
961 2747 1009 2810 vi·

214 2863 303 2928 vum,
322 2851 443 2915 vivendi
456 2849 556 2915 causas
569 2851 702 2935 quotidie
715 2852 844 2917 finiuntz
870 2854 924 2938 qui
937 2870 1009 2918 vem

213 2954 343 3039 posteros
366 2958 510 3042 cogitant,
537 2958 568 3023 &
593 2958 771 3023 memoriam
800 2958 844 3025 sui
869 2960 1008 3045 operibus
