2317 3767
201 245 262 356 3¹12
363 284 825 335 c.1³1,ru.urrsrouau.

153 479 156 483 .
202 424 304 510 Cupio
326 427 408 493 enim
424 429 551 512 patriam
565 428 695 493 nostram
709 431 851 494 omnibus
869 431 993 514 quidem

200 534 289 597 rebus
307 534 420 616 augeri,
443 534 577 599 maxime
601 547 703 621 samen
725 536 838 598 civium
853 556 990 599 numero.

202 637 242 704 Id
272 639 354 702 enirn
389 638 505 722 oppidis
540 639 741 704 firmiffnnum
768 654 991 705 ornamentum.

202 742 286 810 Illud
298 744 388 806 etiam
402 764 463 820 me,
479 766 541 809 non
556 757 590 809 ut
604 744 808 823 ambitiosum,
828 745 877 810 sed
893 760 993 810 tamen

196 849 297 934 juvat,
322 848 403 933 quod
428 849 542 935 adjicis,
568 850 626 915 Me
662 864 749 936 teque
771 853 802 916 δι
830 854 993 936 gratiarum

203 955 318 1019 afflone
331 956 362 1019 ἃ
375 956 463 1020 laude
483 957 657 1021 celebratos.
703 957 758 1021 Est»
768 960 861 1035 enim,
878 972 911 1030 ut
927 957 994 1021 Xe-

202 1060 324 1145 nophon
343 1061 396 1135 ait,
418 1056 518 1141 ἥδιςον
532 1057 657 1147 ἅκεσμα
673 1060 820 1141 domu&
847 1065 949 1147 utique
971 1062 993 1123 fi

202 1180 231 1230 te
242 1167 348 1229 mereri
360 1180 456 1251 putes.
501 1167 589 1232 Vale.

251 1400 395 1445 xxxin.
424 1400 458 1444 C.
479 1400 628 1444 PLINIUS
650 1398 793 1444 TACITO
821 1400 888 1445 SUO
917 1399 944 1445 S·

207 1535 416 1655 Auounoa
435 1591 501 1674 (nec
520 1612 569 1654 me
583 1588 661 1656 fallit
675 1585 846 1676 augurium)
864 1591 997 1655 historias

204 1708 270 1758 tuas
291 1697 476 1760 immortales
490 1694 619 1774 futuras,
642 1720 703 1782 quo
717 1699 812 1781 magis
825 1698 885 1761 illis
900 1684 1004 1781 (inge-¹

205 1822 266 1865 nue
283 1797 410 1880 fatebor)
436 1801 522 1866 inseri
541 1805 640 1886 cupio.
684 1803 772 1867 Nam
792 1802 886 1866 sreffe
910 1786 1005 1866 nobis⁴

205 1926 285 1983 curae
304 1906 387 1985 soret,
414 1920 447 1971 ut
467 1906 558 1972 facies
572 1908 669 1974 nostra
689 1910 727 1971 ab
744 1909 859 1992 optimo
879 1929 1004 1994 quoque·

205 2011 316 2091 artifice
330 2014 523 2096 exprimatur,
543 2035 644 2078 nonne
666 2015 810 2078 debemus
824 2027 934 2097 optare,
960 2028 1008 2100 ut*

205 2119 342 2200 operibus
365 2119 469 2182 nostris
491 2120 594 2183 similis
608 2120 653 2182 tui
668 2117 787 2203 scriptor
809 2120 1006 2205 praedicator1

207 2244 265 2307 que
279 2224 431 2308 contingat
447 2226 469 2286 i·
502 2224 683 2290 Demonstro
695 2226 805 2307 itaque,
827 2244 998 2307 quanquam

208 2329 393 2413 diligentiam
413 2342 498 2392 tuam
511 2327 614 2418 fugere
627 2350 689 2393 non
702 2329 799 2412 poiirt,
814 2350 884 2392 cum
907 2328 941 2391 fit
965 2329 998 2390 in

207 2434 332 2521 publicis
346 2433 432 2513 adis,
448 2434 616 2497 demonstro
626 2449 739 2511 tamen,
752 2456 812 2518 quo
826 2435 922 2517 magis
935 2454 998 2496 cre-

208 2540 450 2625 das,jucundum
464 2540 541 2604 mihi
555 2537 703 2616 futurum,
719 2540 740 2602 fi
755 2536 870 2602 fadum
882 2559 998 2614 meum,

208 2646 293 2732 cujus
315 2646 411 2728 gratia
432 2646 564 2729 periculo
587 2645 690 2721 crevit,
718 2657 771 2708 tuo
792 2645 923 2728 ingenio,
945 2658 999 2709 tuo

208 2751 376 2815 testimonio
404 2752 565 2815 ornaveris.
626 2750 760 2814 Dederat
794 2771 843 2813 me
876 2750 1000 2813 Senatus

210 2878 280 2921 eum
295 2856 451 2922 Herennio
466 2854 628 2918 Senecione
642 2853 1001 2938 advocatumprovinciae

210 2961 331 3026 Baeticae
348 2973 451 3025 contra
465 2959 604 3024 Baebium
620 2959 774 3023 Maiiam:
802 2962 1002 3044 damnatoque
