2317 3767
398 265 589 318 arara
635 269 685 314 11.
833 221 939 331 ''49

23 389 26 412 ’
148 407 326 484 elediioneln
352 409 538 476 auditoribus
562 409 718 493 permittit,
745 408 820 494 saepe
848 395 939 474 etiam

150 527 268 599 partes:
294 515 398 599 surgit,
421 515 571 591 amicitur,
589 517 704 599 incipit.
750 515 857 580 Statim
871 537 939 580 orn·

147 623 211 699 nia,
233 642 269 684 ac
288 641 364 704 pene
391 622 501 704 pariter
521 622 558 683 ad
582 641 719 685 manum.
765 621 870 686 Sensus
892 636 950 685 re·‘

148 727 275 802 conditi,
295 725 450 790 occursant
464 727 567 802 verba,
591 726 640 789 sed
660 728 781 810 qualia:
806 728 938 814 quaesita,

150 833 181 897 &
192 833 321 896 exculta.
353 831 459 896 Multa
473 832 562 895 ledlio
572 833 605 894 in
612 832 728 909 subitis,
743 835 840 896 multa
850 833 939 918 scrip-

150 938 195 1000 tio
224 939 332 1013 elucet,
364 939 562 1022 prooemiatur
590 950 667 1020 apte,
704 951 805 1001 narrat
829 953 939 1022 aperte,

151 1055 264 1127 pugnat
285 1044 401 1119 acriter,
424 1043 537 1126 colligit
557 1040 685 1121 fortiter,
708 1056 796 1107 ornat
808 1045 938 1108 excelse:

153 1147 308 1212 Postremo
321 1150 418 1225 docet,
433 1149 571 1224 deleciat,
581 1147 684 1225 afficit,
703 1151 941 1233 (quod‘maxim'e

153 1250 288 1331 dubites)
304 1256 405 1316 crebra
420 1256 607 1337 ἐνθυμήμαῖα
622 1258 674 1322 καὶ
687 1257 824 1337 veipada,
847 1257 942 1318 crebri

152 1358 327 1443 syllogismi,
353 1358 610 1444 circumscripti&
632 1356 751 1422 effesiiz
777 1362 859 1443 quod
880 1359 945 1423 stilo

154 1486 273 1550 quoque
298 1464 408 1550 assequi
422 1486 566 1549 magnum
580 1465 632 1528 eli.
672 1463 861 1529 Incredibilis
880 1473 947 1528 me.

156 1571 267 1646 moria,
292 1572 396 1655 repetit
409 1572 499 1634 altius
513 1592 581 1656 quac
595 1571 670 1634 dixit
684 1591 722 1633 ex
738 1582 883 1653 tempore,
907 1591 946 1635 ne

157 1678 253 1740 verbo
266 1677 383 1759 quidem
405 1677 527 1740 labitur.
571 1675 623 1739 Ad
646 1689 762 1740 tantam
776 1672 837 1758 ἕξιν
852 1675 946 1739 studio

155 1781 190 1845 δε
203 1779 410 1845 exercitatione
423 1782 568 1865 pervenit.
612 1781 699 1846 Nam
714 1782 819 1844 diebus
832 1783 862 1846 ἃ
873 1803 945 1847 noc-

154 1888 238 1950 tibus
252 1886 329 1950 nihil
342 1888 424 1949 aliud
441 1887 513 1970 agit,
534 1886 612 1949 nihil
634 1886 733 1962 audit,
752 1888 829 1950 nihil
848 1888 946 1973 loqui·

147 2004 217 2055 tur.
262 1991 391 2056 Annum
412 1992 624 2075 sexagesimum
646 1991 775 2070 exceffrt,
794 1994 825 2057 δι
850 1997 948 2058 adhuc

155 2096 344 2161 scholasticus
360 2109 480 2160 tanturn
495 2097 547 2161 est.
579 2097 655 2182 Qro
667 2118 774 2181 genere
787 2098 947 2176 hominum

157 2204 236 2267 nihil
254 2216 306 2269 aut
320 2202 491 2287 ¹simplicius
511 2215 563 2266 aut
578 2203 717 2267 sincerius
747 2214 799 2265 aut
827 2205 946 2268 melius.

159 2309 230 2374 Nos
244 2309 408 2393 enim,>qui
421 2310 453 2372 in
467 2306 534 2373 foro
552 2309 683 2394 verisque
699 2309 803 2388 litibus
811 2310 947 2391 terimur,

160 2414 293 2476 multum
318 2415 453 2491 malitia,
481 2415 621 2499 quamvis
651 2414 795 2490 nolimus,
826 2413 949 2479 addisci·

162 2539 242 2581 mus.
268 2570 278 2604 ¹.
287 2520 453 2589 Schola&
474 2521 667 2595 auditorium,
689 2530 731 2581 'ut
756 2518 826 2583 licia
851 2521 949 2602 causa,

160 2624 204 2687 ita
218 2643 264 2689 res
280 2626 403 2688 inermis
414 2625 541 2712 innoxia
563 2624 623 2688 est:
647 2645 703 2687 nec
729 2624 832 2688 minus
850 2623 950 2704 foelix,

159 2729 280 2794 senibus
307 2729 480 2814 praesertim.
533 2729 718 2815 Namquid
744 2729 776 2792 in
804 2728 952 2793 seneclute

32 2861 35 2864 ·
160 2833 304 2912 soelicius,
315 2856 407 2919 quam
417 2838 496 2919 quod
505 2834 705 2899 dulcillimum
714 2834 949 2919 ellinjuvental

161 2939 267 3026 Quare
291 2961 347 3025 ego
374 2939 483 3005 Isaeum
503 2961 565 3004 non
588 2940 807 3006 disertissimum
821 2953 951 3024 tantum,

526 3045 554 3111 E
