2317 3767
206 293 268 365 roo'
367 313 832 365 c.1²r1u.s1>1sror.na.

201 481 321 545 quoque
335 457 405 523 sella
416 462 591 524 vehebatur.
630 455 746 544 Repeto
762 479 811 521 me
825 470 997 542 correptum
1021 517 1025 524 ξ
1063 530 1067 537 ,

202 568 242 629 ab
253 586 352 629 concur
362 567 560 641 ambularem,
573 564 707 641 Poteras,
721 566 829 649 inquit,
845 563 897 626 has
911 562 999 627 horas

201 672 261 735 =nonv
272 674 416 757 perderes
446 670 534 734 Nam
555 671 651 755 perire
671 691 762 733 omne
782 680 901 753 tempus
915 669 999 730 arbi·
1023 745 1026 750 Ι

200 777 345 852 trabatur,
372 778 451 860 quod
467 775 568 839 studiis
583 797 646 840 non
672 776 881 867 impertiretur.
926 772 998 836 Hac

202 883 368 952 intentione
379 874 423 945 tot
434 881 487 944 ista
497 884 652 945 volumina
666 881 789 966 peregit,
806 869 997 943 Electorum-
1020 955 1023 960 Ι

200 1011 260 1073 que
280 990 509 1051 commentarios
526 1000 650 1051 centum
669 987 819 1070 sexaginta
832 981 907 1048 mihi
923 984 994 1046 reli-
1017 1063 1020 1069 Ι

202 1095 279 1180 quit,
294 1094 512 1179 opitiographos
523 1095 646 1178 quidem
656 1095 687 1157 δι
698 1091 889 1156 minutitirme
903 1085 994 1172 ic‘rip-
1017 1167 1020 1172 Ι

202 1213 270 1265 tos:
302 1223 361 1286 qua
381 1203 499 1268 ,ratione
528 1196 742 1284 multiplicatur
765 1196 816 1260 hic
840 1215 994 1258 numerus.

200 1303 364 1370 Referebat
385 1305 444 1390 ipse
458 1304 593 1389 ‘potuiffe
615 1303 656 1380 se,
683 1324 752 1367 cum
770 1310 939 1387 procuraret
964 1300 997 1362 in

204 1410 361 1496 Hispania,
390 1414 517 1474 vendere
545 1412 601 1473 hos
629 1408 860 1483 commentarios
891 1406 998 1472 Lartio

181 1539 184 1570 ἑ
206 1516 339 1595 Licinio,
366 1516 588 1601 quadringentis
604 1515 736 1577 millibus
761 1509 945 1576 nummu'm:
966 1511 999 1575 ἃ

205 1636 277 1686 tunc
299 1624 451 1705 aliquanto
473 1621 626 1704 pauciores
639 1631 734 1683 erant.
778 1618 894 1684 Nonne
913 1618 1021 1701 vide·-

206 1741 256 1791 tur
276 1727 331 1790 tibi
353 1726 517 1789 recordanti
532 1737 686 1810 ‘quantum
711 1725 824 1808 legerit,
850 1735 998 1807 quantum

205 1830 356 1915 scripserit,
379 1852 434 1894 nec
455 1832 487 1894 in
507 1830 612 1896 officiis
628 1831 719 1909 ullis,
732 1852 787 1894 nec
811 1831 844 1892 in
866 1830 998 1893 amicitia

205 1938 373 2022 principum
409 1935 517 2000 fuiffe?
555 1936 653 2001 rursus
684 1957 755 2000 cum
785 1938 885 2012 audis,
924 1936 997 2020 quid

205 2043 307 2105 studiis
332 2043 442 2107 laboris
467 2043 666 2126 impenderit„
686 2063 742 2105 nec
757 2040 902 2127 ,scripfiss'e
928 2041 997 2105 satis

206 2168 261 2210 nec
274 2148 383 2232 legiffe.
428 2146 514 2233 Quid
529 2146 570 2209 est
583 2149 677 2224 enim,
695 2150 775 2232 quod
790 2169 851 2211 non
871 2159 923 2211 aut
936 2149 998 2211 illae

206 2257 411 2337 occupationes
432 2254 589 2336 impedire,
619 2265 671 2315 aut
688 2254 753 2317 haec
774 2252 910 2316 instantia
935 2273 997 2315 non

207 2359 292 2444 poffit
319 2357 452 2422 efficere?
488 2359 595 2443 Itaque
623 2357 702 2422 soleo
729 2359 823 2422 ridere
848 2379 918 2421 cum
947 2378 997 2420 me

204 2465 330 2548 quidam
342 2463 503 2527 studiosum
517 2477 645 2552 vocant:
671 2465 722 2548 qui
736 2464 757 2527 fi
773 2486 925 2549 comparer
938 2465 995 2540 illi,

205 2569 273 2649 sum
287 2568 527 2634 defidiofiflimus.
565 2570 633 2655 Ego
643 2582 744 2633 autem
755 2572 891 2633 tantum?
906 2590 997 2654 quem

206 2677 317 2761 partim
337 2676 468 2759 publica,
483 2677 603 2763 partim
626 2675 792 2739 amicorum
814 2672 912 2738 officia
938 2674 997 2737 dis-

207 2777 351 2866 tringunt.
396 2780 483 2864 Quin
495 2802 542 2844 ex
566 2780 645 2857 istis,
665 2783 716 2864 qui
733 2793 798 2844 tota
810 2781 882 2868 uvita
905 2779 1015 2848 literis..

208 2887 350 2963 adsident,
376 2886 501 2964 collatus
515 2886 571 2963 iili,
599 2908 660 2950 non
679 2886 759 2970 quafi
773 2885 878 2949 somno
899 2888 931 2950 &
949 2886 997 2948 in·

102 3005 109 3025 ¹
206 2994 288 3064 rrtiae
312 2993 429 3058 deditus
457 2989 631 3055 erubescat?
670 2990 801 3055 Extendi
831 2989 996 3076 epistolam,
