2317 3767
225 286 272 396 ⁴50
387 324 421 371 C·
447 323 565 372 utu.
596 323 859 373 EPISTOLAR.

228 485 335 530 verum
348 465 440 536 uiam
451 466 654 532 beatiffimum
664 468 782 552 judico,
804 487 896 552 quem
918 480 953 532 ru
967 467 1021 532 nifl

83 572 90 580 ’
228 568 401 655 cognoscere
425 571 619 656 concupiscis,
653 571 756 636 saxeus
780 570 949 658 ferreusque
973 596 1018 637 es.

228 676 358 743 Proinde
370 676 393 741 fi
406 698 469 742 non
491 679 532 741 ob
546 678 617 755 alia,
641 676 752 763 nosque
774 677 863 763 ipsos,
888 691 919 741 at
941 691 1020 741 certe

229 794 263 848 ut
275 782 358 849 hunc
371 783 475 846 audian
488 783 570 847 veni.
608 783 819 867 Nunquamne
837 783 930 867 legisti
949 782 1018 848 Ga-

175 970 178 975 ·
227 889 365 953 ditanum
379 888 530 973 quendam
544 887 616 953 Titi
631 889 714 954 Livii
728 890 852 952 nomine
865 890 1019 973 gloriaque

228 1006 429 1071 commotum,
453 996 491 1057 ad
507 993 663 1058 visendum
680 1015 751 1057 eum
774 996 812 1060 ab
826 995 936 1058 ultimo
958 1006 1019 1056 ter·
1134 1032 1137 1039 -

227 1120 329 1165 tanum
342 1101 414 1168 orbe
422 1099 543 1176 venille,
558 1098 715 1183 statimque
729 1112 763 1164 ut
775 1099 889 1162 viderat
896 1098 1016 1163 abiille?

227 1207 426 1285 ωιλόκαλον,
444 1206 631 1283 illiteratum,
656 1205 745 1282 iners,
772 1211 807 1267 a'c
829 1204 1017 1288 peucetiam

227 1323 313 1398 turpe
335 1307 386 1390 cll,
411 1333 473 1376 non
494 1323 599 1395 putare
623 1312 700 1374 tanti
721 1310 935 1394 cognitionem,
957 1331 1019 1394 qua

226 1417 311 1483 nulla
332 1417 557 1503 estjucundior,
580 1415 665 1482 nulla
677 1417 840 1500 pulchrior,
866 1417 950 1480 nulla
963 1419 1018 1480 de·

226 1523 318 1608 nique
331 1524 503 1587 humanior.
533 1522 640 1599 Dicet»,
655 1521 758 1586 Habeo
769 1521 827 1599 hic,
836 1544 904 1606 quor
913 1524 1021 1606 legam,

226 1652 279 1708 non
294 1628 386 1693 minus
407 1626 546 1713 disertos„
580 1626 703 1691 Etiamz
732 1627 781 1691 sed
803 1628 921 1711 legendi
938 1625 1016 1689 sem-

169 1785 171 1789 .
225 1754 278 1821 per
291 1731 404 1797 occano
416 1731 469 1809 est,
485 1731 627 1798 audiendi
641 1753 703 1796 non
712 1731 837 1817 semper.
868 1730 1017 1797 Praeterea

205 1871 207 1875 ·
226 1840 324 1903 multo
343 1840 452 1924 magis,-
472 1839 519 1924 (ut
536 1840 629 1922 vulgo
641 1835 762 1919 dicitur)
784 1840 855 1903 viva
871 1859 932 1902 vox
947 1836 1016 1903 affi-

163 1967 168 1976 ·
225 1944 277 2010 cit.
322 1945 408 2010 Nam
422 1945 493 2008 licet
511 1945 626 2008 acriora
636 1943 707 2021 -srnt,
727 1966 797 2029 quae
809 1947 902 2030 legas,
925 1945 1016 2009 altius

225 2060 328 2114 tamen
338 2051 371 2115 in
385 2051 489 2114 animo
502 2049 614 2128 sedent,
629 2071 699 2135 quae
711 2051 931 2134 pronunciatio,
945 2054 1015 2117 vul·

224 2168 286 2233 tus,
301 2157 437 2240 habitus,
452 2155 651 2240 gestusetiam
662 2156 787 2219 dicentis
800 2155 916 2241 adfigit.
945 2155 1016 2222 Nrfi

225 2280 297 2325 vero
310 2258 419 2326 falsum
433 2250 575 2346 putamus
599 2261 681 2325 illud‘
690 2259 854 2337 AEschinis,
877 2261 929 2346 qui
943 2281 1014 2324 curn

221 2365 337 2450 ¹legill'et
351 2366 481 2433 Rhodiis
494 2366 661 2430 orationem
672 2365 897 2444 Demosthenis,
915 2368 1016 2431 admi·

224 2472 359 2536 rantibus
373 2472 501 2550 cunllis,
524 2471 661 2556 adjecille
674 2468 781 2549 fertur,
799 2470 880 2542 τίδὲ
898 2468 1017 2544 &uiri

190 2615 193 2622 ‚
224 2577 271 2649 ‘ri‘
282 2581 362 2661 Smr'ar
382 2576 440 2663 (τὸ
452 2579 538 2650 αὐτό
553 2580 663 2664 ilipula
676 2575 1012 2662 uooiffllbunuim.

224 2683 267 2750 Et
294 2696 358 2747 erat
386 2681 556 2770 AEschinn,
583 2682 605 2747 li
628 2683 825 2749 Demostheni
852 2687 1013 2763 credimus,

223 2786 543 2874 promuntur&
565 2786 715 2854 fatebatur
728 2803 832 2854 tamen
845 2792 933 2877 longe
946 2813 1014 2856 me·

222 2898 280 2963 lius
301 2898 408 2962 eadem
422 2895 475 2961 illa
498 2895 701 2980 pronunciatio
725 2895 823 2982 ipsum
843 2898 895 2983 qui
923 2917 1014 2983 pepe-
