2317 3767
189 275 257 344 274
367 276 829 327 c.1²1.rmnr1arornr.

191 423 316 486 machus
338 423 386 486 his
411 423 607 487 excitareturz
635 423 677 486 ita
704 444 786 489 nunc
808 424 924 501 hortor,
951 439 986 489 ut

188 526 436 612 jucundissimum
449 550 544 614 genus
562 531 633 594 vita
654 531 808 595 nonnullis
821 531 984 610 interdurn,

192 634 271 719 qua-fi
286 635 433 711 acoribus,
446 636 578 699 condias.
625 635 712 698 Vale.
833 683 836 688 -

279 866 337 911 1v.
371 866 405 912 C.
430 866 576 911 PLINIUS
602 862 739 913 PONTIO
767 862 835 910 SUO
858 867 886 911 S·

195 1008 285 1121 Ars
300 1056 399 1141 legisse
409 1069 439 1120 te
450 1056 721 1141 Hendecasyllabos
729 1076 834 1122 meost
860 1058 984 1142 requiris

194 1165 284 1227 etiarn
295 1165 549 1248 quemadmodum
561 1165 704 1247 coeperim
717 1163 852 1240 scribere,
878 1165 983 1239 homo,

194 1282 228 1333 ut
240 1270 296 1333 tibi
310 1268 424 1346 videor,
447 1270 574 1347 severus,
601 1283 635 1333 ut
653 1268 712 1355 ipse
725 1266 832 1345 fateor,
858 1291 918 1333 non
936 1270 984 1332 in·

194 1390 291 1461 eptus.
333 1375 504 1461 Nunquam
524 1375 543 1440 a
564 1379 680 1461 poetice
704 1377 806 1460 (altius
829 1377 912 1439 enim
936 1398 983 1438 re·

193 1479 306 1568 petam)
335 1483 450 1546 alienus
471 1480 537 1546 sui:
568 1483 642 1565 quin
656 1482 748 1546 etiam
762 1483 985 1566 quatuordecim

197 1603 285 1653 natus
301 1610 395 1652 annos
408 1609 535 1672 graecam
550 1588 727 1671 tragoediam
748 1584 853 1672 scripfi.
898 1587 987 1672 Qua-

194 1696 277 1758 lem?
303 1695 421 1778 inquisr
436 1693 545 1769 nesci0,
559 1694 705 1776 tragoedia
715 1696 887 1757 vocabatur.
904 1693 986 1757 Mox

193 1819 264 1863 curn
278 1799 296 1863 ὲ
312 1801 419 1864 militia
428 1800 556 1876 rediens,
569 1799 602 1861 in
615 1799 711 1863 Icaria
720 1796 814 1861 insula
822 1799 918 1861 ventis
931 1800 984 1860 de·

195 1909 311 1985 tinerer,
329 1910 437 1973 latinos
459 1909 557 1992 elegos
571 1908 603 1969 in
624 1907 700 1970 illud
714 1904 810 1990 ipsum
829 1926 922 1983 mare,
937 1907 983 1989 ip·

194 2013 314 2098 samque
330 2015 457 2079 insulam
481 2012 550 2078 feci.
595 2013 748 2097 Expertus
766 2012 831 2076 sum
852 2033 902 2075 me
927 2015 984 2076 ali-

193 2122 313 2202 quando
330 2121 361 2183 ἃ
383 2120 513 2197 heroico,
543 2117 793 2203 hendecasyllabis
821 2139 900 2182 nunc
923 2119 985 2203 pri·

195 2244 299 2287 mum:
327 2244 456 2308 quorum
475 2225 525 2286 hic
540 2225 657 2300 natalis,
673 2225 722 2287 hae
736 2222 840 2288 causae.
885 2224 983 2308 Lege·

194 2334 302 2394 bantur
321 2331 353 2394 in
368 2329 553 2394 Laurentino
566 2330 642 2393 mihi
656 2331 725 2393 libri
735 2328 831 2393 Afinii
843 2328 929 2396 Galli
946 2333 985 2393 de

193 2436 413 2521 comparatione
434 2436 574 2520 patris&
598 2434 772 2500 Ciceronis:
797 2434 907 2499 Incidit
920 2437 985 2520 epi·

194 2563 331 2627 gramma
359 2541 516 2607 Ciceronis
537 2541 570 2604 in
593 2539 751 2626 Tyronem
780 2538 878 2617 suum,
913 2542 983 2603 dein

193 2668 265 2713 cum
279 2647 403 2713 mendic
417 2650 492 2733 (erat
507 2647 590 2710 enim
608 2643 703 2725 aestas)
725 2644 908 2710 dormiturus
933 2666 983 2709 me

194 2754 375 2841 recepissem,
399 2774 454 2817 nec
467 2754 621 2837 obreperet
634 2751 776 2815 somnus:
801 2752 880 2840 coepi
894 2773 982 2836 repu-

193 2878 255 2927 tare
276 2862 425 2926 maximos
437 2870 580 2935 oratores,
596 2859 654 2922 hoc
668 2857 754 2921 studii
766 2877 872 2942 genus,
899 2859 930 2922 δι
951 2858 983 2921 in

192 2966 442 3033 oblediationibus
455 2963 598 3040 habuisse,
628 2965 659 3028 ἃ
684 2964 822 3050 inlaude
846 2962 980 3050 posuisse.
