2317 3767
194 239 259 327 382
357 263 390 310 c.
416 265 530 310 rom.
557 266 818 315 ooisooooe.

196 403 307 466 iterum
330 405 514 489 impetrabo:
542 407 576 470 sit
600 411 692 472 modo
723 411 794 488 tale,
824 422 859 474 ut
885 429 990 494 rogare

192 528 254 586 me,
270 521 304 573 ut
316 510 452 595 proestare
465 524 495 575 te
508 515 620 576 deceat.
665 511 754 578 Vale.

257 739 351 783 xxu.
388 740 421 784 C·
446 741 595 791 PLINIUS
619 743 762 790 SEVERO
791 745 859 791 SUO
885 746 913 790 S.

195 884 369 1015 MAQNA
385 952 436 994 me
452 930 637 996 solicitudine
650 930 886 999 affecitPaffieni
900 933 987 998 Pam

193 1037 345 1112 valetudo,
365 1039 396 1102 &
417 1038 539 1121 quidem
562 1038 698 1121 plurimis
710 1037 927 1122 justissimisque
949 1042 988 1102 de

193 1140 295 1204 causis.
340 1141 398 1205 Vir
423 1142 463 1204 est
488 1144 632 1226 optimus,
654 1142 883 1218 honestissimus,
897 1144 987 1207 nostri

193 1246 420 1310 amantissimus.
465 1245 754 1310 Praetereainliteris
769 1257 882 1310 veteres
890 1270 987 1312 aemu-

192 1353 282 1428 latur,
309 1334 460 1436 exprimit,
484 1353 591 1428 reddit,
609 1352 798 1436 Propertium
820 1353 851 1416 in
870 1354 987 1436 primis,

194 1460 287 1543 siquo
311 1480 405 1541 genus
425 1458 517 1534 ducit,
544 1479 616 1521 vera
629 1457 761 1521 soboles:
782 1479 876 1541 eoque
896 1457 989 1519 simii·

194 1563 267 1626 lima
281 1565 337 1639 illi,
356 1564 388 1626 in
403 1585 463 1647 quo
477 1564 528 1626 ille
541 1563 720 1646 praecipuus.
765 1564 797 1627 Si
812 1564 909 1647 elegos
923 1564 989 1648 ejus

192 1670 225 1731 in
240 1691 365 1733 manum
379 1667 545 1751 sumpseris,
561 1669 641 1751 leges
655 1690 729 1752 opus
744 1667 865 1743 tersum,
881 1669 986 1743 molle,

188 1772 359 1857 jucundum
380 1775 411 1836 &
424 1775 511 1856 plane
522 1774 553 1835 in
569 1772 714 1856 Propertii
729 1776 821 1836 domo
834 1772 987 1857 scriptum.¹

193 1878 303 1961 Nuper
316 1882 354 1942 ad
368 1879 460 1963 lyrica
474 1878 614 1941 deflexit:
646 1880 801 1963 inquibus
823 1880 865 1941 ita
884 1878 986 1942 Hora·

193 1985 282 2060 tium,
306 1996 340 2047 ut
354 1985 386 2047 in
400 1984 459 2047 illis
473 1984 560 2047 illum
575 1984 702 2046 alterum
716 1983 817 2068 effingi
835 1997 938 2068 putes:
965 1982 988 2045 st

192 2090 264 2172 quid
279 2088 311 2151 in
330 2088 432 2152 studiis
445 2091 582 2172 cognatio
601 2091 691 2166 valet,
717 2091 748 2154 δι
762 2090 853 2174 hujus
866 2090 987 2174 propin·

192 2184 308 2278 quum:
346 2213 457 2276 magna
495 2195 633 2272 varietas,
675 2216 786 2278 magna
823 2196 985 2260 mobilitas.

193 2298 299 2375 Amat,
330 2311 364 2361 ut
383 2299 436 2381 qui
456 2299 622 2363 verissime:
653 2301 745 2377 dolet,
773 2314 807 2364 ut
825 2301 877 2385 qui
892 2302 987 2383 impa'-

193 2403 380 2468 tientissime:
397 2406 511 2480 laudat,
532 2417 566 2467 ut
580 2406 632 2488 qui
645 2405 869 2489 benigniffimez
897 2406 985 2481 ludit,

193 2523 227 2573 ut
250 2511 303 2594 qui
322 2506 504 2573 facetissime.
548 2507 665 2575 Omnia
689 2511 817 2593 denique
843 2524 987 2594 tanquam

192 2615 304 2699 singula
316 2614 454 2678 absolvit.
499 2615 558 2680 Pro
580 2616 638 2678 hoc
652 2637 708 2699 ego
721 2616 830 2693 amico,
856 2639 911 2701 pro
930 2619 988 2680 hoc

192 2721 323 2804 ingenio,
339 2742 401 2784 non
412 2722 513 2784 minus
527 2742 605 2804 aeger
623 2723 737 2803 animo,
752 2743 845 2805 quam
865 2743 987 2805 corpore

192 2828 254 2891 ille.
298 2826 442 2890 Tandem
458 2827 557 2903 illum,
572 2828 694 2890 tandem
708 2848 759 2889 me
772 2828 878 2911 recepi.
903 2825 986 2892 Gra-

193 2934 289 2996 tulare
314 2933 406 3010 mihi,
424 2931 573 3015 gratulare
584 2932 683 2994 ‘etiam
704 2931 797 2995 literis
816 2931 893 3016 ipsis,
918 2953 986 3015 quae
