2317 3767
192 239 253 326 278
368 260 402 304 c.
428 256 831 324 rerumrerum.

192 400 310 463 abolitae
324 397 515 464 accusationis
530 400 673 484 exposuit,
696 400 924 487 postussavitque,
946 423 986 466 ne

191 506 353 589 cognitioni
365 504 493 569 Caesaris
504 507 711 591 praejudicium
725 505 820 570 fieret.
849 505 987 592 Respon-

191 611 235 675 dit
259 611 402 695 Magius:
432 610 607 696 Iterumque
630 612 809 698 Polyaenusz
836 612 896 697 ipse
919 636 987 679 raro

191 719 221 782 δι
249 717 378 780 breviter
405 718 611 782 interlocutus.
662 717 803 782 Multum
831 740 881 782 mc
908 720 987 782 intra

191 823 338 886 silentium
353 824 447 887 tenui.
491 821 604 906 Accepi
619 824 712 900 enim,
737 844 799 887 non
814 825 914 888 minus
937 827 985 888 in·
1026 814 1029 820 ¹

192 930 310 991 terdum
324 929 487 993 oratorium
502 929 560 992 etse
573 942 669 992 tacere
692 949 784 1014 quam
799 931 914 993 dicere:
938 943 985 992 at-

191 1056 249 1118 que
268 1036 343 1097 adeo
356 1048 466 1118 repeto,
486 1034 662 1118 quibusdam
677 1056 727 1098 me
746 1035 849 1119 capitis
863 1035 921 1097 reis
935 1036 985 1097 vel

193 1140 288 1223 magis
324 1139 448 1216 silentio,
482 1161 573 1225 quam
608 1141 742 1203 oratione
771 1139 985 1204 accur'atiffrma

191 1243 341 1329 profuisse.
387 1246 491 1310 Mater
505 1245 611 1310 amisso
632 1244 696 1308 silio
722 1246 806 1328 (quid
821 1247 902 1309 enim
915 1268 986 1330 pro-

191 1351 286 1428 hibet,
313 1372 485 1436 quanquam
500 1351 559 1413 alia
577 1352 654 1414 ratio
675 1349 836 1414 scribendae
858 1351 988 1436 epistolae

192 1453 292 1532 suerit,
308 1458 345 1520 de
359 1457 460 1519 studiis
473 1455 619 1540 disputare
631 1453 656 1534 i)
682 1458 805 1521 libertos
818 1457 896 1542 ejus,
922 1456 986 1520 eos·

192 1564 320 1646 demque
344 1563 511 1625 cohaeredes
529 1560 607 1637 suos,
628 1558 692 1624 falfi
714 1562 745 1624 dc
760 1563 906 1643 ¹veneficii
920 1564 986 1626 roos

192 1670 337 1732 detulerat
360 1670 399 1736 ad
422 1667 602 1750 Principem,
625 1667 818 1752 judicemque
843 1669 984 1752 impetra-

192 1786 275 1836 verat
301 1772 420 1855 Julium
451 1771 640 1836 Servianum.
685 1769 891 1838 Defenderam
919 1794 984 1836 reos

191 1880 305 1971 ingenti
325 1879 447 1963 quidem
470 1892 571 1942 coetu:
596 1891 657 1942 erat
682 1879 765 1940 enim
786 1878 873 1942 causa
894 1877 984 1943 notis·

191 1984 273 2049 sima,
319 1984 465 2048 Praeterea
498 1985 637 2069 utrinque
666 1985 785 2069 ingenia
814 1985 983 2051 clarissrma.
1014 1988 1016 1991 ’

193 2091 301 2154 Finem
315 2091 477 2172 cognitioni
491 2091 613 2174 quaestio
627 2091 777 2176 imposuit,
800 2113 868 2176 quae
882 2091 986 2155 secun·

191 2197 265 2259 dum
281 2189 346 2258 reos
359 2196 449 2259 dedit.
489 2190 593 2258 Postea
606 2209 703 2276 mater
716 2197 788 2259 adiit
801 2196 982 2280 Principem,

193 2300 352 2365 affirmavit
364 2300 393 2363 se
403 2322 497 2364 novas
510 2302 699 2384 probationes
713 2301 867 2364 invenisse.
900 2301 983 2365 Prae·

192 2423 311 2493 ceptum
325 2407 365 2470 est
379 2407 533 2483 Serviano,
556 2420 591 2470 ut
603 2420 721 2470 vacaret
734 2407 851 2470 finitam
865 2407 985 2470 causam

192 2514 370 2590 retrastanti,
393 2513 414 2576 fi
428 2514 500 2599 quid
515 2514 587 2576 novi
601 2511 730 2576 afferret.
767 2511 882 2577 Aderat
895 2515 985 2577 matri

189 2620 289 2704 Julius
314 2617 487 2695 Africanus,
517 2640 607 2702 nepos
632 2618 708 2702 Julii
733 2615 890 2683 Oratoris:
921 2641 983 2703 quo

192 2727 294 2791 audito
301 2725 451 2790 Passienus
465 2723 590 2807 Crispus
597 2724 684 2800 dixit,
700 2724 777 2787 Bene
789 2748 832 2788 me
842 2723 981 2800 Hercule,

192 2831 338 2918 hnersed
347 2856 399 2915 quo
411 2844 470 2894 tam
478 2830 569 2894 bene?
581 2829 682 2913 Julius
691 2828 798 2913 Nepos
802 2829 924 2914 juvenis
935 2831 982 2893 in-

192 2936 394 3021 geniosus,sed
404 2930 511 3021 parum
521 2937 659 3013 callidus,
668 2955 738 2998 cum
749 2936 845 2999 multa
854 2933 980 3031 dixisset,
