2317 3767
227 277 311 349 ¹414
415 278 596 327 oraru.
624 274 885 325 rr1srounrr.

247 419 318 504 quia
338 420 473 504 proxime
495 419 675 505 scripseram,
700 419 813 504 petiille
838 419 1037 505 Lycormam,

245 536 279 586 ut
292 526 481 608 legationem,
492 524 514 588 fr
528 547 589 611 qua
601 526 724 590 veniffet
736 526 754 589 ai
769 523 932 608 Bosphoro,
945 525 1040 608 usque

244 630 277 692 in
291 632 454 693 adventum
474 629 561 695 suum
574 633 744 707 retinerem,
766 633 847 715 quod
861 631 975 693 diutius
989 627 1038 691 fa-

243 736 341 799 ciendi
369 738 454 799 nulla
481 737 558 799 mihi
593 737 754 820 probabilis
787 736 862 798 ratio
894 734 1036 809 occurrit,

243 838 402 924 praesertim
413 861 483 903 cum
492 841 620 925 epistolae
630 841 799 925 Lycormae,
810 862 883 924 quas
892 841 1036 915 detinere,

244 956 284 1007 ut·
299 956 368 1008 ante
389 938 524 1030 pr'aedixi,
555 948 652 1022 nolui,
684 948 797 1028 aliquot
825 947 929 1008 diebus
954 946 1037 1007 hunc

223 1110 225 1117 .
243 1050 375 1134 legatum
394 1050 582 1115 anteceliurae
596 1053 775 1114 viderentur.

282 1248 291 1271 '
356 1279 438 1325 xvr.
477 1279 510 1325 c.
534 1280 682 1324 rururos
705 1281 764 1324 ru.
790 1281 870 1325 rur.
893 1280 921 1325 s.

244 1423 472 1548 Armenia,
497 1470 643 1547 Domine,
666 1472 765 1547 miles,
788 1472 839 1555 qui
853 1470 893 1533 est
907 1471 939 1532 in
953 1471 1035 1533 stati-

243 1599 301 1640 one
315 1575 537 1653 Nicomedenfi,
547 1575 655 1661 scripsit
664 1577 740 1639 mihi
752 1578 901 1659 quendam
912 1577 1037 1638 nomine

244 1680 479 1757 Callidromum,
501 1703 572 1745 cum
596 1680 775 1743 detineretur
801 1681 819 1744 ai
842 1677 986 1744 Maximo
1006 1684 1038 1744 &

245 1786 391 1871 Dionysro
413 1785 580 1869 pistoribus,
604 1786 712 1871 quibus
738 1807 840 1867 operas
862 1785 928 1848 suas
953 1788 1036 1849 loca-

243 1903 337 1968 verat,
353 1888 515 1974 confugille
530 1894 567 1954 ad
583 1904 667 1953 tuam
682 1890 825 1952 statuam:
842 1891 1036 1973 perdueium-

243 2017 302 2079 que
324 1998 362 2059 ad
377 1996 560 2080 magistratus
574 1994 725 2070 indicalie,
747 1994 862 2057 servilio
875 1996 1036 2079 aliquando

246 2098 376 2165 Laberio
404 2101 559 2178 Maximo,
592 2114 772 2183 captumque
809 2121 827 2163 a
856 2099 967 2182 Susago
1003 2102 1036 2163 in

245 2204 367 2283 Moefia,
389 2208 421 2271 δι
445 2208 464 2270 ai
487 2206 637 2270 Decibalo
655 2206 772 2268 muneri
787 2204 907 2267 milium
923 2204 1037 2267 Pacoro

245 2310 376 2377 Parthiae
401 2312 482 2395 regi:
504 2309 693 2395 pluribusque
716 2311 803 2373 annis
825 2313 858 2372 in
877 2309 1037 2372 ministerio

244 2418 309 2503 ejus
322 2414 419 2495 fuine,
434 2415 540 2479 deinde
554 2412 672 2498 fugilie,
684 2428 772 2499 atque
788 2417 829 2479 ita
842 2415 874 2477 in
889 2414 1036 2478 Nicome-

244 2523 326 2585 diam
340 2519 513 2606 pervenille.
544 2520 649 2605 Qrem
659 2541 715 2603 ego
728 2520 904 2604 perdueium
921 2520 959 2580 ad
973 2539 1035 2594 me,

244 2648 316 2691 curn
329 2628 434 2690 eadem
447 2624 600 2702 narrallet,
622 2625 803 2688 mittendum
817 2626 855 2687 ad
869 2637 899 2686 te
920 2624 1036 2707 putavi,

244 2734 325 2820 quod
338 2731 428 2815 paulo
441 2730 553 2793 tardius
566 2727 637 2807 feci,
649 2732 723 2793 dum
736 2730 854 2813 requiro
868 2749 1036 2812 gemmam,

245 2858 338 2923 quam
351 2835 380 2899 se
393 2837 554 2913 habentem
567 2835 730 2918 imaginem
746 2833 862 2912 Pacori,
882 2836 913 2898 bc
926 2835 1037 2918 quibus

246 2942 405 3028 insignibus
418 2954 540 3008 ornatus
551 2937 661 3019 suiliet,
679 2938 860 3004 subtraeiam
873 2940 1034 3004 indicabat.
