2317 3767
394 277 705 324 arreum.
875 278 938 345 303

142 440 205 485 nea
226 418 417 502 imaginatur,
440 421 471 484 δι
493 417 602 485 fontes.
646 420 726 486 Haec
741 416 860 482 sununa
884 436 939 482 cu·

144 546 262 602 ranam,
285 525 402 590 summa
426 540 578 604 votorum,
601 527 784 611 mollemque
797 523 830 586 in
843 523 939 608 poste‘

146 650 228 709 rum,
243 633 273 696 de
291 632 432 716 pinguem
449 632 636 718 licontingat
646 634 782 709 evadere,
802 630 861 693 hoe
884 629 937 707 est,

49 730 55 747 ⁸
145 738 301 802 innoxiam
316 740 492 822 beatamque
519 738 642 802 destinat
663 739 770 803 vitam.
814 734 936 800 Poffum

142 864 227 927 ergo,
241 847 323 930 quod
337 845 472 929 pluribus
493 846 604 919 verbis,
627 845 762 929 pluribus
775 842 866 905 etiam
880 863 936 906 vo·

143 944 310 1017 luminibus
324 948 490 1033 philosophi
504 951 609 1013 docere
622 961 779 1025 conantur,
794 947 853 1033 ipse
867 951 936 1011 bre·

142 1054 219 1116 viter
240 1054 307 1129 tibi,
331 1054 466 1137 mihique
479 1055 647 1138 praecipere,
667 1067 700 1117 ut
714 1056 787 1116 tales
801 1042 858 1116 effe
872 1052 934 1117 sani

142 1156 374 1241 perseveremus,
407 1160 510 1243 quales
538 1180 594 1222 nos
622 1157 738 1223 futuroe
761 1159 934 1244 profitemur

142 1261 267 1327 infirmi.
312 1262 400 1327 Vale.

96 1536 99 1543 ,
180 1504 183 1509 ’
225 1493 351 1540 xxvii.
388 1494 421 1539 C.
448 1494 594 1539 Plinius
617 1493 717 1539 SURAE
739 1492 853 1538 SUOS·

144 1636 219 1747 Er
242 1684 317 1745 mm
340 1684 479 1762 discendi,
499 1685 738 1751 &antiocena
758 1682 931 1749 hennom

139 1789 235 1852 otium
250 1791 372 1872 praebet.
405 1789 502 1873 Igitur
515 1810 658 1876 perquam
671 1793 763 1855 velim
776 1790 858 1869 scire,
874 1791 931 1855 elie

137 1892 356 1980 phantasmata,
376 1897 407 1960 ἃ
421 1898 530 1960 habere
550 1897 700 1980 propriam
714 1897 853 1981 figurant,
871 1918 930 1961 nu·

138 2021 268 2086 menque
292 2003 413 2086 aliquod
436 2015 533 2087 putes,
559 2023 599 2065 an
622 2003 722 2065 inania
745 2004 866 2067 &vana
890 2023 928 2067 ex

136 2121 219 2172 metu
230 2108 328 2171 nostro
336 2110 498 2192 imaginem
505 2108 648 2192 accipere.
676 2107 741 2192 Ego
754 2121 788 2173 ut
800 2108 928 2173 effeere-

135 2217 219 2290 dam,
242 2216 380 2298 inprimis
401 2236 438 2277 eo
461 2217 564 2291 ducor,
589 2217 670 2299 quod
690 2215 779 2278 audio
793 2214 927 2278 accidiffe

136 2317 246 2383 Curtio
260 2317 355 2383 Rufo.
392 2318 514 2384 Tenuis
529 2321 627 2383 adhuc
644 2321 676 2384 dc
694 2319 833 2385 obscurus
847 2320 925 2384 obti-

137 2424 220 2487 nenti
244 2421 382 2488 Africam
401 2446 501 2489 comes
525 2426 658 2490 haeierat.
704 2424 854 2489 Inclinato
877 2422 926 2486 die

135 2527 314 2613 spatiabatur
327 2531 359 2593 in
373 2532 506 2615 porticu:
524 2529 649 2595 offertur
661 2532 689 2595 ei
703 2531 836 2595 mulieris
848 2528 926 2612 figu-

77 2634 82 2643 '
133 2654 180 2711 ra,
206 2635 339 2698 humana
366 2637 504 2719 grandior
526 2638 745 2722 pulchriorque,
769 2633 924 2719 perterrito

134 2737 272 2803 Africam
286 2740 315 2803 se
328 2738 497 2805 fututurtun
509 2744 712 2828 praenunciatn
726 2740 811 2803 dixit.
856 2737 925 2802 Itu·

133 2864 203 2908 rum
219 2846 301 2909 enim
321 2845 465 2925 Romam,
492 2849 676 2933 honoresque
692 2847 854 2932 genarum,
878 2856 925 2907 at·

134 2971 192 3034 que
205 2951 378 3017 etiamnum
399 2952 516 3031 summo
530 2953 656 3038 imperio
669 2953 702 3016 in
715 2952 922 3037 eandempro-
