2317 3767
225 239 290 327 384
384 259 856 309 annumeretur.

225 416 363 467 venerat:
397 404 447 467 cui
472 403 603 468 Rufinus
631 403 840 468 demonstrans*
854 425 916 480 me,
933 406 1026 469 Vzder

224 504 328 571 hunc?
347 511 443 572 multa
455 509 563 572 deinde
577 512 615 571 de
626 509 726 572 studiis
740 508 854 572 nostris.
898 509 940 573 Et
953 513 1022 588 ille,

226 611 341 675 Plinius
376 615 425 699 est,
464 614 571 697 inquit.
629 612 745 676 Verurn
780 611 907 690 fatebor,
933 618 1023 699 capio

223 737 366 800 magnum
384 719 492 781 laboris
506 718 567 780 mei
580 717 724 781 frudturn.
769 718 821 781 An
834 720 856 783 sr
876 720 1023 783 Demost-

224 822 314 883 henes
325 823 394 905 jure
407 824 524 885 laetatus
535 823 586 898 est,
610 826 690 906 quod
716 825 804 887 illum
823 845 899 887 anus
915 824 1022 888 Attica

223 925 265 986 ita
287 926 486 1004 demostravit,
511 922 586 1004 ἔτός
600 933 646 1006 ἐςι
667 929 867 1012 Λημοσθένης,
894 950 949 1012 ego
964 951 1017 993 ce·

223 1030 357 1093 lebritate
371 1034 503 1096 nominis
517 1034 578 1096 mei
592 1037 721 1116 gaudere
734 1053 796 1099 non
808 1037 921 1098 debeo?
949 1036 1019 1119 Ego

222 1156 294 1198 vero
307 1137 338 1200 δι
355 1141 482 1219 gaudeo,
506 1142 536 1203 δι
557 1142 686 1221 gaudere
704 1161 754 1203 me
781 1141 860 1205 dico.
903 1141 1017 1224 Neque

221 1242 303 1304 enirn
319 1263 433 1319 vereor,
463 1238 672 1329 nejaitantior
694 1246 805 1320 videar,
828 1266 898 1307 curn
914 1248 1017 1309 deme

182 1388 185 1391 -
221 1348 349 1411 aliorum
365 1348 526 1433 judicium,
542 1370 719 1412 nonmeum
738 1348 876 1434 profero:
892 1348 1015 1434 praeser·

221 1451 277 1514 tim
299 1455 377 1536 apud
401 1466 442 1530 te,
469 1454 521 1538 qui
545 1474 601 1516 nec
625 1455 716 1518 ullius
732 1456 847 1519 invides
860 1456 1013 1530 laudibus,

220 1555 345 1622 &faves
356 1559 470 1622 nostris.
517 1559 605 1622 vare.
645 1626 647 1630 ,

253 1788 359 1834 XXIV·
384 1788 417 1833 C·
446 1789 593 1833 PLINIUS
620 1789 830 1835 SABINIANO
854 1791 921 1835 SUO
946 1792 975 1835 S.

194 1938 337 2056 ,Brenn
364 1976 467 2058 secisti,
493 1981 573 2064 quod
602 1982 745 2044 libertum
770 1981 930 2064 aliquando
956 1982 1012 2043 tibi

217 2108 334 2164 carum,
355 2088 564 2149 reducentibus
583 2085 710 2170 epistolis
721 2087 806 2162 meis,
826 2089 857 2149 in
872 2089 1009 2164 domum,

217 2193 250 2256 in
282 2192 418 2255 animum
456 2193 597 2277 recepisti.
646 2191 773 2275 Juvabit
797 2192 856 2255 hoc
880 2205 927 2253 te:
960 2214 1010 2255 me

216 2312 296 2362 certe
305 2297 416 2383 juvat:
443 2299 589 2381 primum,
610 2299 691 2382 quod
706 2310 735 2359 te
760 2299 852 2359 talem
861 2298 961 2374 video,
977 2311 1012 2360 ut

217 2406 248 2467 in
274 2405 317 2467 ira
338 2403 400 2484 regi
415 2402 521 2485 poffis:
544 2405 663 2478 deinde,
690 2403 771 2486 quod
792 2415 910 2464 tantum
935 2403 1011 2464 mihi

217 2509 334 2584 tribuis,
371 2520 405 2569 ut
432 2508 481 2569 vel
510 2508 678 2571 audioritati
714 2528 792 2570 meae
819 2528 934 2590 pareas,
961 2509 1010 2570 vel

216 2615 353 2699 precibus
369 2613 534 2695 indulgeas.
581 2613 677 2695 Igitur
698 2614 729 2677 δι
751 2613 885 2676 laudo&
901 2613 1010 2695 gratias

216 2740 284 2802 ago.
329 2719 427 2782 Simul
448 2718 481 2810 in
504 2716 653 2801 posterum
674 2738 795 2792 moneo,
819 2731 854 2780 ut
873 2731 903 2779 te
927 2739 1010 2781 erro·

217 2826 299 2888 ribus
324 2836 458 2899 tuorum,
479 2823 509 2886 &
530 2822 634 2886 finon
655 2819 746 2887 fuerit
758 2818 811 2906 qui
826 2824 1009 2906 deprecetur,

202 2929 393 3015 Vplacabilem
406 2926 533 3012 praestes.
578 2926 668 2991 vare.
