2317 3767
390 288 677 336 aternu.
888 287 929 355 73

140 434 204 510 ille,
230 432 399 497 Affedtabar
414 432 587 497 Domitium
604 428 728 508 Afrum,
754 450 824 494 cum
849 429 928 514 apud

141 539 340 601 centumviros
353 538 461 601 diceret
474 538 645 620 graviter&
662 539 740 600 lente
763 538 832 622 (hoc
846 535 928 599 enim

141 643 186 706 ilii
206 644 327 706 adiionis
345 664 440 726 genus
457 639 531 721 erat)
553 644 647 706 audiit
667 663 705 705 ex
718 643 855 726 proximo
867 642 928 704 im·

141 749 294 812 modicum
304 746 513 831 insolitumque
520 749 693 825 clamorem,
709 748 869 811 admiratus
878 767 925 810 re·

140 855 244 918 ticuit=
269 855 319 917 ubi
339 853 489 917 silentium
508 850 622 917 fastum
643 853 694 931 est,
721 852 823 937 repetit
846 852 927 936 quod

139 962 312 1043 abruperat:
338 960 446 1021 iterum
460 960 584 1035 clamor,
607 960 714 1022 iterum
734 958 867 1022 reticuit:
893 957 925 1026 ἃ

139 1064 202 1148 post
227 1065 376 1127 silentium
397 1064 487 1148 coepit
511 1064 592 1134 idem
617 1064 713 1127 tertie.
756 1061 926 1128 Noviffime

115 1203 118 1210 ·
138 1171 207 1252 quis
222 1171 343 1244 diceret,
363 1157 505 1253 quaesivit.
541 1167 725 1252 Responsum
739 1167 791 1245 est,
808 1167 923 1234 Licius.

137 1272 229 1336 Tum
245 1274 406 1337 intertuiffa
419 1274 514 1349 caiisa,
538 1272 727 1349 Centumviri‚
747 1273 853 1356 inquit,
875 1272 925 1362 hec

136 1379 293 1464 artificium
297 1379 398 1464 periit.
427 1379 520 1463 Quod
530 1379 642 1463 alioqui
653 1377 746 1461 perire
755 1378 924 1462 incipiebat,

64 1535 68 1542 ,
136 1504 209 1547 cum
230 1484 333 1567 periffe
350 1482 430 1547 Afro
447 1485 613 1570 videretur:
636 1502 718 1570 nunc
743 1502 815 1570 vero
835 1503 926 1567 prope
993 1553 1003 1572 ,

137 1587 276 1651 funditus
290 1590 466 1665 erundum,
486 1587 660 1652 &eversum
674 1587 724 1649 est.
770 1585 866 1650 Pudet
878 1610 925 1656 re-

136 1691 230 1770 ferre,
252 1716 328 1778 quae,
354 1714 445 1778 quam
462 1690 557 1758 fradia
569 1692 811 1777 pronunciatione
823 1693 927 1756 dican-

136 1812 207 1862 tur:
232 1800 349 1883 quibus,
374 1818 465 1882 quam
486 1799 595 1861 teneris
614 1798 795 1860 clamoribus
815 1799 924 1884 excipi-

135 1917 238 1967 antur.
292 1902 415 1966 Plausus
439 1914 568 1979 tantum,
595 1923 630 1965 ac
650 1901 712 1964 fula
730 1903 871 1985 'cymbala
892 1906 924 1969 dc

134 2021 282 2094 tympana
296 2008 355 2070 illis
369 2007 491 2070 canticis
503 2007 618 2072 desunt.
651 2006 794 2070 Ululatus
803 2007 925 2091 quidem

136 2096 248 2200 (neque
259 2113 341 2176 enim
353 2114 413 2176 alio
427 2114 574 2178 vocabulo
587 2110 678 2195 potest
687 2111 825 2196 exprimi,
839 2114 924 2177 thea-

134 2221 191 2283 tri's
210 2240 329 2305 quoque
350 2218 487 2280 indecora
507 2213 650 2295 laudatio)
668 2217 748 2300 large
760 2215 921 2300 supersunt.

135 2325 208 2390 Nos
224 2338 325 2387 tamen
344 2324 442 2386 adhue
454 2324 485 2386 δι
503 2322 615 2385 utilitas
633 2321 810 2398 amicorum,
832 2323 863 2386 δι
876 2344 925 2386 ra·

135 2430 184 2491 tio
198 2430 291 2492 aetatis
310 2441 454 2503 moratur,
469 2447 504 2489 ae
518 2426 634 2489 retinet.
680 2424 828 2490 Verentur
844 2430 926 2492 enim
1016 2445 1021 2452 ·

137 2556 181 2597 ne
194 2533 269 2597 forte
288 2555 349 2597 non
364 2535 418 2595 has
434 2530 624 2614 indignitates
639 2529 801 2616 reliquisse,¹
817 2530 866 2595 sed
879 2534 924 2595 la·

135 2643 243 2703 borem
254 2636 390 2721 refugiffe
401 2638 566 2700 videamur.
603 2636 712 2700 Sumus
726 2648 828 2710 tamen
841 2635 927 2699 solito

135 2745 274 2821 rariores,
290 2745 371 2828 quod
394 2742 513 2808 initium
535 2740 576 2804 est
598 2741 744 2824 gradatim
764 2739 922 2818 desinendi.

137 2847 229 2912 Vade.
330 2875 344 2900 κ
