2317 3767
438 280 630 331 eruin
677 282 735 333 vr.
923 283 982 353 235

193 427 252 489 tim
266 429 298 489 in
312 444 401 490 arena
414 415 494 505 mea,
520 429 577 491 hoc
600 427 641 492 eti
654 430 733 513 apud
754 427 981 492 Centumviros.

194 531 403 617 Epistolatum,
424 555 498 618 quas
512 535 600 610 mihi,
624 547 659 597 ut
672 535 728 610 ais,
752 546 852 618 aperto
865 533 984 617 pestore

193 636 332 721 scripsisti,
359 638 490 702 oblivisci
512 661 561 702 me
579 640 689 725 jubes:
716 653 748 703 at
761 659 818 722 ego
830 639 983 702 nullarum
1114 680 1116 687 ι

192 740 333 807 libentius
344 744 479 808 memini.
526 744 574 808 Ex
593 746 652 808 illis
667 745 749 808 enim
772 745 821 807 vel
836 744 983 829 praecipue

192 848 284 912 sentio
297 864 478 933 quantopere
500 872 548 913 me
562 852 678 935 diligas,-
701 872 772 914 cum
792 850 830 913 stc
852 852 982 935 exegeris

192 970 311 1017 mecum
336 970 370 1019 ut
391 956 503 1020 solebas
527 977 597 1019 cum
622 970 675 1021 tuo
692 956 767 1021 filio.
811 957 881 1021 Nec
901 956 981 1020 disli-

192 1061 297 1136 mulo,·
313 1063 371 1124 hoc
396 1062 472 1123 mihi
492 1063 685 1145 jucundiores
703 1083 765 1126 eas,
778 1058 874 1138 suiffe,
901 1063 982 1146 quod

191 1167 340 1229 habebam
358 1167 473 1229 'bonam
494 1165 625 1242 causam,
652 1187 722 1229 cum
746 1166 863 1230 summo
886 1167 982 1230 studio

190 1270 346 1348 curassem,
380 1274 462 1356 quod
487 1284 520 1333 tu
552 1272 647 1334 curari
676 1273 807 1334 volebas.
852 1271 980 1336 Proinde

189 1380 280 1440 etiam
294 1390 382 1461 atque
399 1379 491 1440 etiam
505 1398 588 1461 rogo,
613 1389 647 1441 ut
660 1377 736 1439 mihi
751 1375 864 1461 semper
877 1379 981 1441 eedem

188 1483 382 1567 implicitam,
398 1485 513 1569 quoties
534 1483 641 1547 cessare
655 1484 790 1558 videbor,
805 1483 980 1567 ·(nunquam

189 1589 271 1650 enim
284 1588 411 1668 cessabo)
433 1591 599 1653 convitium
621 1587 724 1653 facias.
769 1588 863 1675 Quod
881 1590 912 1652 ἃ
926 1609 981 1672 ego

191 1692 354 1775 intelligam
369 1696 386 1756 a
400 1692 517 1758 summo
531 1716 633 1758 amore
646 1692 800 1779 proficisci,
823 1693 854 1757 δε
870 1706 906 1759 tu
917 1713 980 1759 non

190 1798 327 1861 meruiffe
341 1819 391 1860 me
408 1802 546 1882 gaudeas.
593 1799 682 1866 Vale.

285 2029 382 2074 xm.
411 2015 450 2072 e.
476 2029 622 2074 Pinnos
648 2028 739 2075 unso
763 2027 881 2074 suos.

188 2176 431 2301 UuQmuue
456 2219 552 2285 vidisti
571 2240 742 2306 quenquam
765 2233 828 2286 tam
847 2221 976 2285 laborio-

146 2342 151 2369 -’
185 2325 250 2390 sum
277 2328 308 2390 ἃ
335 2328 509 2405 exercitum,
537 2347 629 2411 quam
661 2326 816 2391 Varenum
845 2327 974 2390 meum?

188 2432 248 2506 cui,
281 2434 360 2516 quod
387 2431 504 2496 summa
537 2434 727 2496 contentione
755 2434 975 2518 impetraverat,

107 2567 110 2574 f
186 2533 419 2617 defendendum,
442 2541 473 2603 ἃ
497 2539 577 2623 quasi
600 2537 698 2602 rursus
719 2542 882 2624 petendum
905 2535 974 2601 suit.
1074 2586 1077 2595 r

186 2641 309 2728 Bithyni
332 2643 622 2707 senatusconsultum
643 2646 721 2728 apud
745 2642 893 2708 Consules
911 2663 977 2705 car-

184 2768 254 2834 pere
275 2751 306 2814 &
320 2747 497 2813 labesatiare
518 2749 587 2813 sunt
600 2748 671 2825 anfi,
695 2761 784 2833 atque
810 2747 978 2813 etiamab-

183 2854 264 2919 sente
288 2854 425 2937 Principe
439 2854 609 2918 criminari:
637 2856 677 2916 ab
700 2854 754 2916 illo
773 2855 811 2915 ad
833 2850 977 2916 Senatum

185 2959 305 3038 remlffi,
333 2979 395 3023 non
417 2959 599 3023 destiterunt.
644 2958 715 3042 Egit
740 2954 977 3048 Claudius.Ca·
