2317 3767
229 277 294 350 350
391 277 426 326 C·
448 278 563 332 niu.
594 280 857 338 zrisrobuu.

226 441 319 506 quam
332 419 470 484 senserint
488 421 655 486 ascendisse.
700 423 790 488 Idem
811 424 950 488 lacusin
963 425 1024 488 flu

227 538 299 589 men
314 527 452 608 egeritur,
465 530 544 612 quod
557 530 609 591 ubi
624 528 652 590 se
665 528 810 612 paulisper
818 531 913 592 oculis
927 532 1023 607 dedit,

228 632 314 715 specu
334 632 489 714 mergitur,
510 635 626 718 alteque
639 636 794 697 cond-itum
812 648 913 698 meat:
942 656 978 703 ac
1003 635 1024 698 sr

229 739 395 821 quidante,
419 746 511 822 quam
530 740 750 817 subduceretur,
763 743 912 825 accepit,
927 742 1026 807 servat

228 839 396 926 &profero
440 843 518 908 Haec
544 847 599 909 tibi
619 845 738 929 scripfi,
753 848 823 929 quia
845 866 899 911 nec
921 849 1024 910 minus

231 949 333 1030 ignota
346 958 437 1033 quarn
461 951 549 1027 mihi,
566 968 627 1013 nec·
642 953 742 1014 minus
755 964 838 1034 grata
852 954 1022 1015 credebam.

230 1054 319 1119 Nam
354 1068 385 1117 te
407 1077 536 1140 quoque,
564 1070 597 1119 ut
626 1078 687 1133 me,
707 1058 784 1121 nihil
804 1079 889 1142 aeque
913 1078 947 1121 ac
968 1079 1023 1120 na·

229 1174 307 1229 turae
322 1163 578 1247 operadeleelant.
627 1162 715 1242 Vale.

241 1376 245 1382 ’
299 1394 379 1437 xxr.
416 1393 450 1439 c.
475 1386 809 1438 runuusnnnmuo
832 1393 945 1438 suos.
961 1406 970 1439 ,·
1001 1410 1004 1415 ·

233 1538 317 1654 UT
333 1587 365 1648 in
377 1587 450 1662 vita,
463 1585 501 1648 src
512 1586 543 1648 in
555 1584 656 1648 studiis
671 1587 952 1669 pulcherrimum&
968 1585 1027 1648 hu·

157 1762 160 1768 ,
235 1692 437 1755 maniliunum
459 1690 605 1768 existimo,
627 1689 814 1754 severitatem
839 1692 1026 1760 comitatem.-

153 1823 158 1837 ·
234 1802 294 1881 que
316 1797 446 1874 miscere,
470 1818 509 1859 ne
529 1796 581 1858 illa
596 1797 628 1859 in
641 1796 800 1872 tristitiam,
816 1797 882 1858 haec
896 1797 928 1858 in
942 1808 1028 1880 petu-

234 1902 361 1967 lantiam
385 1906 534 1987 procedat.
579 1903 653 1987 Qua
675 1904 788 1966 ratione
814 1901 933 1977 ductus,
959 1923 1028 1984 gra·

235 2007 319 2069 viora
330 2030 418 2092 opera
432 2008 542 2072 lufibus
560 2008 691 2093 jocisque
705 2009 862 2093 distinguo.
908 2007 959 2070 Ad
971 2010 1029 2072 hos

233 2109 424 2195 proferendos
447 2116 479 2179 δι
502 2128 621 2198 tempus
645 2117 677 2179 δε
701 2116 801 2177 locum
824 2114 1030 2198 opportunissi-

235 2237 321 2281 mum
332 2220 418 2303 elegi,
439 2233 529 2304 utque
539 2221 606 2304 jam
622 2242 703 2283 nnnc
718 2218 930 2295 adsuescerent,
945 2220 1030 2282 &ab

234 2324 345 2400 otiosis,
369 2328 400 2388 ἃ
417 2327 449 2387 in
462 2326 592 2390 triclinio
606 2327 712 2403 audiri,
735 2327 820 2410 Julio
833 2324 944 2400 mense,
970 2346 1032 2408 quo

236 2431 368 2495 maxime
383 2431 448 2494 lites
462 2431 701 2515 interquiescunt,
728 2431 827 2515 pofitis
850 2444 919 2494 ante
939 2431 1032 2493 lectos

236 2538 398 2614 cathedris,
419 2538 532 2600 amicos
546 2539 700 2603 collocavi.
747 2537 837 2600 Forte
860 2539 978 2614 accidit,
1000 2549 1034 2600 ut

236 2666 272 2707 eo
286 2645 334 2707 die
356 2663 445 2706 mane
459 2643 491 2707 iu
510 2644 734 2706 advocationem
750 2643 876 2706 subitam
891 2664 1030 2726 rogare-r:

239 2752 321 2834 quod
343 2749 418 2812 mihi
446 2748 564 2813 causam
584 2751 787 2834 praeloquendi
820 2750 912 2812 dedit.
959 2750 1034 2812 Sum

236 2856 323 2919 enim
337 2857 519 2939 deprecatus,
532 2876 570 2917 ne
584 2855 650 2937 quis
665 2867 698 2917 ut
717 2855 926 2918 irreverentem
936 2856 1034 2938 operis

238 2973 384 3044 argueret,
396 2962 475 3045 quod
490 2959 675 3038 recitaturus,
687 2982 858 3044 quanquam
869 2963 901 3025 de
915 2962 1033 3037 amicis,
