2317 3767
206 268 265 338 188
365 278 398 338 ὲ.
427 290 543 338 earn.
572 287 837 338 ptisanam.

243 559 297 605 VI·
343 559 377 606 C·
407 560 558 606 PLINIUS
579 558 817 613 nmmum
836 558 900 605 8ΰο
927 560 956 609 S.

202 706 360 816 Annvr
391 742 495 817 curam
515 754 547 817 δι
579 751 794 816 solicitudinem
817 763 913 829 tuam,
943 755 997 838 qul

202 876 274 921 cum
287 846 412 921 audisses
435 879 486 921 me
501 858 600 922 aestate
615 855 758 922 Thuseos
775 878 860 922 meos
869 879 873 887 ·
882 860 995 943 petitu·

202 984 283 1040 rum,
310 984 349 1026 ne
359 960 488 1027 facerem
499 961 617 1038 suasisti,
633 955 707 1026 dum
717 975 804 1047 putas
818 962 991 1028 insalubres.

202 1067 255 1132 Est
278 1067 347 1132 sane
367 1071 477 1153 gravis,
497 1068 685 1152 &pestilens
710 1090 763 1133 ora
786 1068 998 1147 Thuscorum5

201 1194 269 1260 quae
279 1196 332 1260 per
351 1177 423 1239 litus
436 1177 606 1239 extenditur
618 1198 626 1238 ε
650 1173 707 1237 Sed
722 1174 754 1237 hi
768 1176 870 1259 procul
885 1176 903 1239 a
916 1176 994 1239 mari

202 1281 390 1358 recesserunt,
420 1281 586 1367 quinetiam
614 1278 776 1365 Apennino
800 1278 994 1345 saluberrimo

200 1388 351 1450 montium
371 1384 533 1473 subjacent.
577 1384 680 1470 Atque
704 1388 791 1463 adeo,
817 1399 851 1450 ut
869 1405 993 1449 omnem

198 1515 254 1578 pro
273 1515 323 1556 me
338 1507 454 1557 metum
471 1514 575 1576 ponas,
599 1492 698 1575 accipe
717 1491 890 1579 temperiem
907 1490 991 1568 eoeli,

198 1601 325 1684 regionis
350 1599 450 1676 situm,
470 1598 551 1660 villae
571 1598 790 1674 amoenitatem‚
811 1618 880 1682 quae
892 1597 923 1660 &
936 1596 993 1659 tibi

198 1708 313 1781 auditu,
330 1706 361 1768 δι
375 1704 451 1767 mihi
465 1703 701 1788 relatujucunda
721 1714 819 1766 erunt.
864 1701 993 1767 Coelum

198 1811 239 1872 est
251 1813 359 1895 hyeme
374 1807 528 1892 frigidum,
538 1809 723 1892 &gelidum
747 1807 880 1892 Myrtos,
897 1809 992 1886 oleas,

196 1936 322 2001 quaeque
336 1917 395 1980 alia
414 1915 526 1980 assiduo
539 1928 640 1999 tepore
654 1915 804 1989 laetantur,
821 1911 991 1998 aspernatur

89 2044 92 2048 ·
197 2042 232 2085 ac
247 2019 371 2105 respuit:
398 2023 518 2085 laurum
531 2032 632 2084 tamen
647 2020 768 2103 patitur,
790 2030 879 2105 atque
898 2019 991 2083 etiam

197 2126 401 2194 viridissimam
414 2124 527 2212 profert
535 2126 691 2189 interdum
700 2126 716 2188 ε’
732 2122 782 2187 sed
796 2145 858 2188 non
871 2123 989 2209 sepius,

195 2220 287 2316 quam
309 2232 456 2297 suburbe
484 2230 592 2307 nostra,
618 2243 714 2293 necat.
759 2228 883 2295 AEstatis
910 2231 989 2297 mira
1126 2271 1130 2278 ·

195 2338 377 2401 clementia·
402 2338 533 2423 ¹Semper
544 2340 597 2403 adr
608 2335 712 2420 spiritu
724 2335 824 2421 aliquo
836 2349 987 2414 movetur,

194 2439 378 2528 frequentius
399 2457 500 2509 tamen
522 2465 620 2521 auras,
649 2463 741 2526 quam
755 2455 860 2506 ventos
883 2443 987 2509 habet.

195 2547 280 2614 Hinc
292 2549 374 2614 senes
389 2553 500 2614 multos
513 2551 614 2613 videas
628 2570 712 2625 avos,
730 2545 911 2631 proavosque
919 2548 989 2632 jam

189 2655 350 2740 juvenum.
393 2654 510 2719 Audias
530 2653 648 2718 fabulas
669 2666 794 2737 veteres,
824 2651 987 2716 sermones-

192 2783 251 2846 que
264 2762 414 2848 majorum
427 2786 435 2825 z
466 2781 596 2845 cumque
608 2759 725 2823 veneris
740 2758 803 2835 illo,
827 2769 913 2842 putea
925 2759 987 2822 alio

193 2882 223 2931 te
236 2868 334 2932 seculo
347 2881 462 2932 natum.
506 2865 651 2949 Regionis
665 2861 763 2928 forma
773 2864 985 2948 pulcherrima,

192 2973 355 3059 imaginare
374 2972 640 3058 Amphitheatrum
653 2969 774 3056 aliquod
788 2969 983 3057 immensum,
