2317 3767
232 289 298 364 320
405 291 439 338 C·
464 289 579 338 PLIN·
604 289 874 338 telsaouan.

229 429 333 515 scripta
357 444 410 496 tua
424 435 519 518 magis
532 434 670 519 probare,
696 434 828 511 laudare,
843 446 956 518 quantu
971 434 1024 498 illa

228 537 540 622 tardius'cautiusque:
564 536 613 601 sed
626 536 722 622 ipsum
744 551 774 602 te
789 540 884 622 magis
899 541 1021 615 amabo,

217 642 380 728 'magisque
395 644 534 720 laudabo,
549 648 662 727 quanto
678 644 802 707 celerius
825 645 856 708 ἃ
874 644 1024 707 incautius

217 746 355 812 miseris.
400 748 489 812 Vale.
923 754 926 759 ’
1003 750 1006 755 ’

337 962 378 1023 v.'
399 977 433 1023 c.
452 978 600 1023 numus
616 977 782 1025 canarno
798 978 866 1026 suo
890 980 919 1023 s.

233 1121 395 1253 Gnava
433 1171 543 1234 vulnus
576 1169 737 1234 Macrinus
772 1168 868 1233 noster
896 1171 1019 1254 accepit.

231 1275 341 1340 Amisit
354 1295 479 1340 uxorem
491 1275 644 1359 singularis
659 1276 799 1360 exempli,
815 1275 928 1338 etiamst
946 1276 1021 1339 olim

230 1379 338 1446 fuisset.
394 1380 480 1444 Vixit
495 1401 565 1443 cum
591 1381 647 1442 hac
666 1380 786 1463 triginta
805 1402 915 1443 novem
935 1381 1022 1444 annis

230 1486 291 1550 fine
311 1487 424 1573 jurgio,
449 1487 509 1550 fine
529 1483 652 1549 offensa.
697 1484 803 1569 Qram
817 1486 869 1548 illa
883 1494 1021 1550 reveren·

230 1595 305 1656 tiam
327 1594 436 1656 marito
460 1591 512 1656 suo
536 1590 680 1675 praestitit,
699 1612 770 1653 cum
790 1592 850 1674 ipsa
870 1591 1021 1656 summam

231 1697 413 1762 mereretur?
434 1695 695 1782 quotquantasquc
705 1697 830 1760 virtutes
852 1719 890 1760 cx
903 1698 1021 1762 divertis

232 1805 368 1868 aetatibus
389 1801 520 1887 sumptas
544 1802 664 1886 collegit
695 1803 727 1866 dc
757 1801 887 1865 miscuit!
919 1803 1022 1867 Habet

232 1910 354 1993 quidem
371 1908 529 1974 Macrinus
547 1909 658 1990 grande
676 1906 826 1982 solatium,
849 1908 930 1992 quod
954 1916 1021 1972 tan·

231 2027 298 2078 tum
312 2018 429 2078 bonum
436 2014 550 2077 tamdiu
561 2013 673 2075 tenuit:
696 2011 745 2074 sed
759 2014 816 2075 hoc
835 2014 931 2096 magis
949 2008 1021 2077 exa-

231 2122 378 2195 cerbatur,
399 2121 479 2204 quod
492 2118 599 2182 amifit.
643 2116 731 2181 Nam
753 2115 887 2181 fruendis
912 2112 1020 2204 uolup-

233 2224 344 2286 tatibus
368 2221 469 2286 crescit
487 2223 605 2286 carendi
631 2224 727 2286 dolor.
783 2220 846 2286 Ero
870 2245 940 2309 ergo
957 2225 1022 2289 sus-

231 2327 337 2416 pensus
350 2349 404 2412 pru
424 2328 547 2392 homine
566 2327 752 2404 amicissimo‚
772 2330 847 2391 dum
865 2332 1022 2395 admittere

232 2445 438 2510 avocamenta,
469 2433 690 2497 &cicatricem
715 2434 777 2518 pati
795 2435 898 2519 poisat:
928 2457 1021 2520 quarn

232 2541 309 2605 nihil
327 2558 473 2624 aeque,·ac
487 2538 636 2602 ncceffitas
658 2538 731 2624 ipsa,
745 2540 776 2603 ἃ
790 2542 854 2604 dies
869 2542 970 2627 longa,
990 2544 1022 2608 dc

233 2646 348 2711 satietas
369 2645 481 2711 doloris
499 2644 624 2709 inducit.
671 2643 759 2708 Vale.
