2317 3767
230 271 271 361 36
382 292 416 339 c.
447 293 563 340 etin.
594 294 859 340 ermol-AR.

228 419 279 511 est,
306 437 386 519 quod
404 435 464 522 ipse
485 436 633 522 praevidit.
677 435 833 501 Omnibus
857 455 928 518 ergo
946 436 1023 497 dan·

229 542 303 604 dum
316 541 357 604 est
369 542 493 626 aliquid,
510 545 590 627 quod
603 556 734 619 teneant,
755 543 835 626 quod
850 539 1022 623 agnoscant.

234 646 323 712 Dixit
337 648 496 732 aliquando
511 649 587 712 mihi
609 648 756 732 Regulus,
783 669 853 711 cum
867 647 954 710 simul
968 648 1024 709 ad·

232 752 377 817 ellemus:
402 751 447 817 Tu
470 753 573 831 omnia,
597 777 659 838 quae
669 753 743 840 sunt
769 753 800 816 in
822 752 919 839 causa,
935 765 1025 838 putas

231 861 411 943 exequenda:
431 882 478 942 ego
495 860 630 944 jugulum
640 859 743 945 statim
756 858 849 935 video,
872 857 946 922 hunc
953 873 1024 943 pre·

233 987 275 1029 mo
297 966 423 1050 (premat
442 963 510 1027 sane
534 967 615 1050 quod
637 965 737 1048 elegit,
759 963 808 1027 sed
832 965 863 1028 in
888 964 1027 1047 eligendo

232 1066 401 1153 frequenter
412 1066 533 1149 errant.)
555 1069 718 1154 Respondi,
728 1070 806 1154 polle
817 1071 894 1146 fieri,
906 1084 940 1133 ut
946 1090 1026 1152 genu

233 1174 314 1252 effet,
330 1190 382 1239 aut
395 1176 479 1253 tibia,
495 1190 545 1239 aut
559 1178 649 1252 talus,
665 1177 717 1239 ubi
728 1177 778 1238 ille
787 1176 929 1260 jugulum
940 1189 1026 1260 puta·

236 1294 290 1345 ret.
336 1281 380 1345 At
398 1303 465 1365 ego,
482 1278 630 1367 (inquam)
650 1281 701 1367 qui
710 1282 853 1366 jugulum
868 1280 1028 1365 perspicere

237 1409 299 1451 non
320 1388 448 1473 pullum,
470 1389 572 1452 omnia
590 1401 734 1470 pertenta,
758 1388 860 1450 omnia
882 1388 1028 1472 experior,

237 1496 337 1562 πάντα
348 1494 474 1578 denique
485 1496 564 1561 λίθον
576 1495 656 1559 κινεῖ.
691 1493 794 1577 thue
809 1494 840 1555 in
851 1493 1030 1586 agricultura

237 1602 408 1663 nonvineas
416 1611 545 1673 tantum,
552 1618 659 1662 verum
669 1599 760 1661 etiarn
770 1597 903 1677 arbusta3
920 1620 973 1661 nec
981 1619 1030 1660 ar-

238 1705 322 1770 busta
334 1717 463 1779 tantum,
477 1723 583 1767 verum
596 1704 687 1767 etiam
700 1724 821 1787 campos
829 1725 913 1780 curo,
932 1705 964 1767 &
977 1725 1030 1767 ex-

239 1830 342 1872 erceo:
366 1822 456 1893 utque
470 1808 502 1871 in
521 1808 587 1893 ipsis
601 1809 713 1894 campis
728 1830 790 1873 non
807 1807 865 1886 far,
877 1824 929 1874 aut
942 1811 1032 1895 suigi-

240 1935 311 1977 nem
321 1912 425 1990 solam,
432 1912 480 1976 sed
488 1911 768 1992 hordeum‚fabam,
776 1929 938 2001 caeteraque
948 1919 1033 2001 legu-

241 2020 325 2083 mina
334 2018 417 2097 sero;
432 2018 470 2082 fic
483 2020 516 2082 in
530 2021 646 2084 aclione
656 2022 742 2106 plura
752 2021 833 2106 quast
842 2021 954 2087 [emina
964 2024 1033 2087 lati-

243 2148 279 2190 ue
289 2124 403 2211 spargo,
413 2139 446 2188 ut
456 2147 524 2210 quae
534 2127 734 2209 provenerint,
749 2128 898 2212 colligant.
922 2129 1036 2215 Neque

242 2233 325 2297 enim
350 2233 451 2296 minus
478 2230 682 2316 imperspicua,
711 2233 833 2309 incerta,
862 2230 1037 2319 fallaciaque

158 2323 166 2334 ”
242 2336 456 2423 suntjudicum
465 2338 595 2420 ingenia,
607 2358 699 2421 quam
710 2339 928 2422 tempestatum,
943 2353 1036 2405 terra·

244 2465 382 2528 rumque.
425 2442 495 2507 Nec
509 2463 558 2506 me
572 2444 700 2526 praeterit
720 2442 873 2508 summunt
888 2457 1037 2510 oratorem

246 2549 391 2615 Periclem
405 2547 441 2611 stc
456 2545 474 2611 ὲ
487 2548 604 2612 comico
619 2547 765 2633 Eupolide
778 2549 913 2627 laudari,·

308 2653 461 2736 -πρὸς
475 2650 510 2721 δέ
525 2651 556 2735 γ’
571 2648 612 2720 αὖ
627 2652 713 2731 τέτω
726 2652 835 2736 τάχ’ἡ

247 2758 343 2831 Helai
357 2786 402 2834 τις
418 2762 586 2840 ἐπεκάθητο
603 2771 682 2828 τοῖσι
700 2760 837 2844 χείλεσιν.

248 2864 355 2941 Οὕτως
369 2868 477 2948 ἐκήλει,
502 2870 554 2934 tal
569 2864 674 2949 μόνθ»
690 2868 751 2934 τῶν
765 2869 903 2952 ῥητόρων,

247 2972 291 3042 To*
307 2970 424 3059 κέντρον
441 2971 631 3056 ἐγκατέλιπε
645 2983 709 3050 τοῖς
721 2972 919 3060 ἀκροωμένοις.
