2317 3767
190 294 255 358 204·
352 296 386 344 c.
411 272 525 343 eetnss
551 294 815 343 meacm.

225 560 280 609 xl.
308 561 351 610 «C.
378 519 525 609 PLlNliJS
554 560 797 624 TRANQHLLO
825 560 982 609 suo-ss»

192 706 355 818 Lunna
378 753 501 815 tandem
517 753 831 840 hendecasyllaborum
845 774 984 819 meorum

189 858 294 935 fidem,
317 859 369 942 qui
378 857 486 943 scripta
499 871 552 922 tua
567 861 781 925 communibus
800 859 905 924 amicis
918 859 984 945 spo-
1013 900 1017 905 -

190 964 579 1048 ponderum-appellantur
597 964 728 1050 quotidie
748 964 982 1051 &flagitanturz
1012 989 1016 999 ·

191 1068 303 1154 acjam
317 1068 484 1153 periculum
496 1068 548 1145 est,
571 1090 610 1132 ne
624 1082 768 1153 cogantur
788 1073 826 1133 ad
840 1071 984 1135 exhiben-
1013 1110 1016 1115 -

191 1175 268 1237 dum
281 1170 446 1237 formulam
460 1175 603 1259 accipere.
648 1174 723 1238 Sum
737 1177 769 1239 &
778 1176 837 1260 ipse
851 1178 882 1240 in
895 1179 985 1240 eden·

192 1281 235 1344 do
246 1277 409 1343 haesitator:
437 1292 471 1343 tu
491 1293 606 1344 tamen
616 1300 716 1344 meam
730 1302 849 1366 quoque
863 1281 986 1346 cun8m·

192 1384 307 1450 tionem
317 1386 549 1469 tarditatemque
558 1381 663 1464 cicisti.
697 1385 827 1450 Proinde
839 1380 985 1450 aurium-
1012 1426 1016 1431 -

192 1492 307 1578 pejarn
317 1512 428 1569 moras,
448 1502 501 1554 aut
511 1510 636 1554 cave'ne
647 1491 765 1555 eosdem
776 1492 843 1555 illos
856 1492 985 1567 libellos,
1013 1534 1019 1545 ‹

193 1617 268 1680 quos
277 1597 338 1659 tibi
351 1594 696 1680 hendecasyllabi'nostei
713 1597 864 1679 blanditiis
884 1598 989 1661 elicere

194 1722 257 1765 non
281 1699 408 1785 poffunt,
442 1702 577 1764 convicio
601 1699 752 1765 scazontes
780 1690 986 1788 extorqueani.

196 1803 368 1871 Persesium
384 1825 482 1891 epus,
511 1805 737 1893 absolutumque
764 1806 816 1884 esi,
846 1827 901 1871 nec
922 1807 989 1893 jam

194 1910 365 1996 splendescit
379 1912 464 1989 lima,
487 1911 536 1975 sed
556 1912 701 1976 atteritur.
746 1902 852 1976 Patere
874 1934 923 1975 me
941 1915 988 1977 vi-

196 2017 266 2079 dere
278 2017 401 2081 titulum
416 2030 515 2093 tuum,
530 2030 630 2102 patere
643 2017 757 2094 audire,
769 2014 903 2095 describi,
918 2010 988 2103 legi}

196 2122 307 2187 vaenire
321 2124 476 2187 volumina
486 2121 661 2208 Tranquilli
676 2125 748 2186 mei.
782 2122 922 2207 AEquum
935 2111 988 2200 ess

197 2227 298 2291 nosin
312 2247 415 2290 amore
432 2239 496 2291 tam
511 2240 618 2294 mutuo
636 2230 763 2291 eandem
785 2226 932 2311 percipere
951 2249 989 2293 ex
1017 2273 1022 2283 ‚

197 2344 242 2395 te·
256 2332 452 2417 voluptatem,
485 2355 546 2418 qua
579 2348 613 2397 tu
641 2330 799 2418 perfrueris
823 2353 862 2397 ex
889 2320 988 2407 nobis.
1020 2376 1022 2383 ·

202 2436 290 2503 Vale.
