2317 3767
406 285 703 335 urrrurv.
892 284 952 356 157

59 417 65 430 “
153 430 240 494 tione
265 429 376 513 ingenii
397 429 442 491 tur
460 428 612 505 convenit,
635 425 852 513 unumsprcm
874 410 960 513 puss

155 544 303 619 ceptores,
327 556 402 618 quos
425 533 570 597 solicitam
589 532 750 617 poffimus:
774 533 828 598 sub
847 555 883 597 ea
905 546 953 596 ta·

158 661 232 703 meu
252 642 435 715 conditione,
463 660 502 702 ne
525 639 575 701 cui
598 638 691 701 fidem
712 660 814 704 meam
828 637 955 702 obstrin-

158 766 241 828 gam.
287 743 405 810 Omnia
432 745 514 806 enim
537 744 632 806 libera
660 745 831 828 parmtibus
856 741 953 808 servo.

162 850 215 914 Illi
224 852 372 935 judicent,
395 850 439 912 illi
453 850 582 932 eligant:
604 868 660 931 ego
672 849 749 911 mihi
762 868 866 912 curam
886 861 953 912 tan·

159 969 238 1032 rum,
264 956 296 1018 ἃ
311 955 496 1037 impendium
512 953 642 1016 vindico.
687 952 825 1031 Proinde,
852 953 955 1037 siqui·

160 1056 252 1125 fuerit
264 1071 407 1143 repertus,
433 1059 485 1142 qui
499 1059 619 1142 ingenio
641 1056 694 1123 suo
714 1058 798 1137 fidat,
821 1057 954 1124 catilluc

160 1187 197 1228 ea
210 1166 287 1247 lege,
309 1177 343 1227 ut
355 1165 425 1227 hinc
440 1162 517 1226 nihil
530 1164 611 1227 aliud
626 1177 752 1240 certum,
768 1184 861 1249 quam
874 1163 953 1228 fidu·

160 1271 240 1334 ciam
253 1269 337 1332 suam
351 1266 437 1332 ferat.
483 1268 570 1331 Vale.

225 1497 310 1545 XIV·
344 1498 378 1544 C·
401 1498 549 1544 PLINIUS
575 1497 747 1544 PArrnrro
769 1496 837 1543 SUO
859 1497 888 1546 S·

161 1640 244 1752 Tu
260 1685 375 1753 fortaffe
388 1690 566 1766 orationem,
585 1701 619 1754 ut
631 1687 716 1768 soles,
736 1691 767 1755 ἃ
781 1690 908 1775 flagitas,
922 1692 954 1756 ἃ

161 1794 322 1880 expedias:
341 1808 371 1857 at
384 1816 439 1879 ego
452 1795 532 1877 quafi
553 1816 593 1857 ex
611 1796 712 1878 aliqua
732 1797 884 1881 peregrina
902 1799 954 1862 du·

162 1902 310 1983 licataque
323 1920 433 1977 merce,
456 1899 536 1963 lusus
558 1919 643 1963 meos
667 1900 723 1963 tibi
741 1904 846 1985 prodo.
889 1902 954 1967 Ac·

162 2008 253 2091 cipies
266 2026 337 2079 cum
352 2007 408 2068 hac
421 2005 541 2089 epistola
551 2003 810 2090 hendecasyllabos
822 2006 951 2076 nostros:

164 2115 278 2197 quibus
292 2134 347 2176 nos
359 2112 391 2174 in
401 2112 553 2189 vehiculo,
564 2112 597 2174 in
611 2111 741 2189 balineo,
749 2111 826 2176 inter
834 2132 955 2178 coenam

162 2218 351 2282 ubiediamus
364 2216 461 2280 otium
471 2216 624 2300 temporis.
668 2215 730 2281 His
738 2216 888 2303 jocamur,
905 2219 955 2281 lu-

163 2323 276 2398 dimus,
285 2342 434 2398 amamus,
447 2322 594 2397 dolemus,
605 2324 770 2406 querimur,
785 2321 952 2388 irascimur:

165 2427 356 2491 describimus
378 2428 490 2510 aliquid
513 2429 605 2491 modo
624 2427 755 2512 preflius,
779 2430 871 2494 modo
891 2430 955 2493 ela-

165 2533 244 2597 tius:
265 2545 353 2617 atque
367 2531 428 2616 ipsa
442 2532 583 2596 varietate
604 2545 754 2598 tentamur
772 2532 898 2611 efficere,
921 2547 956 2598 ut

165 2638 225 2701 alia
247 2638 325 2714 aliis,
348 2640 486 2721 quaedam
511 2633 629 2701 fortasse
646 2639 786 2703 omnibus
806 2633 953 2723 placeam.

165 2742 215 2806 Ex
228 2744 338 2827 quibus
351 2755 465 2820 tamen,
485 2742 506 2804 sr
527 2744 674 2807 nonnulla
696 2744 752 2807 tibi
765 2745 856 2827 paulo
868 2754 955 2826 petu-

165 2848 293 2911 lantiora
307 2848 497 2923 videbuntur,
522 2849 578 2912 erit
599 2850 772 2918 eruditionis
800 2846 956 2931 tuaecogi-

165 2965 229 3015 tare
240 2950 375 3016 summm
389 2952 456 3016 illos
468 2953 498 3017 ἃ
511 2952 695 3037 graviffuuos
709 2955 801 3033 viroe,
820 2953 873 3039 qui
885 2953 958 3019 talia
