2317 3767
219 269 279 317 112
389 272 424 317 C.
449 270 564 317 Petu.
590 265 851 315 eelseotnn.

216 414 343 478 innocens
356 412 469 498 erit,st
488 436 537 496 ego
551 410 643 475 omnia
659 409 768 475 dixero.
812 404 1009 496 conjectabis

217 541 256 583 ex
280 521 338 582 hoc
363 519 489 604 quantas
514 519 729 593 contentiones,
759 525 886 601 quantas
914 517 1007 579 etiam

217 621 343 688 offensas
356 621 544 702 subierimus,
564 621 711 685 duntaxat
723 623 761 684 ad
772 623 862 685 breve
875 633 1011 706 tempus.¹
1033 659 1036 666 »

217 725 305 796 Nam
336 731 411 795 fides
435 731 467 793 in
492 728 646 814 praesentia
670 750 732 804 eos,
763 727 873 811 quibus
894 727 1006 804 resistit,

217 834 370 915 offenditur·
389 837 496 898 deinde
519 835 558 897 ab
583 835 643 896 illis
665 833 731 917 ipfis
753 830 916 917 suspicitur,
941 834 1008 897 lau-

218 943 374 1025 daturque·
418 941 495 1006 Non
517 940 600 1024 potui
610 941 710 1021 'magis
735 950 764 1001 te
783 940 819 1002 in
842 960 907 1001 rem
929 960 1006 1023 prae-

167 1133 169 1136 ·
218 1047 330 1110 sentem
359 1049 525 1130 perducere.
551 1045 553 1048 ’
580 1045 685 1122 Dices,
722 1045 798 1111 Non
833 1042 892 1108 fuit
919 1046 1005 1107 tanti.

220 1152 305 1237 Quid
318 1153 398 1215 enim
413 1153 488 1214 mihi
500 1169 571 1213 cum
586 1152 648 1218 ta‘m
671 1152 759 1235 longa
774 1151 913 1235 epistola?
936 1150 1008 1213 No·

217 1260 273 1321 lito
282 1280 355 1351 ‘ergo
369 1259 529 1321 identidem
544 1278 686 1341 quaerere,
710 1257 782 1341 quid
801 1256 910 1320 Romae
923 1278 1008 1339 gera-

219 1379 289 1428 tur:
319 1366 476 1428 &tamen
505 1375 657 1426 memento
690 1362 746 1424 effe
771 1381 832 1425 non
855 1362 1008 1445 epistolam

219 1472 352 1555 longam,
375 1471 443 1554 quae
454 1481 498 1532 tot
511 1467 585 1545 dies,
612 1478 657 1530 tot
670 1467 861 1551 cognitiones,
888 1480 933 1530 tot
954 1469 1007 1531 de-

219 1577 309 1660 nique
322 1597 399 1651 reos,
413 1571 569 1656 causasque
583 1575 740 1655 complexa
753 1573 798 1636 fit.
825 1597 829 1606 ’
843 1573 925 1658 Quae
939 1594 1011 1638 om··
1025 1597 1028 1600 ·

219 1683 270 1744 nia
284 1682 386 1743 videor
399 1679 476 1741 mihi
488 1699 549 1741 non
563 1680 664 1741 minus
677 1679 817 1754 breviter,
832 1700 924 1763 quam
939 1681 1008 1741 dili-¹

219 1799 322 1870 genter
349 1784 525 1869 persecutus.
575 1783 710 1848 Temere
738 1784 811 1862 dixi,
840 1783 1011 1866 diligenter.-

220 1890 360 1955 succurrit
380 1892 460 1975 quod
480 1890 689 1973 praeterieram,
721 1890 751 1953 δι
776 1891 898 1973 quidem
927 1888 1008 1952 sero:

220 1996 268 2060 se'd
279 2018 450 2080 quanquam
465 1994 646 2080 praepostere,
667 1996 814 2058 reddetur.
855 1994 940 2057 Facit
952 1996 1011 2059 hoc
1029 2031 1031 2034 ·

186 2130 189 2137 ·
220 2095 386 2177 Homerue,
413 2101 560 2185 multique
579 2101 659 2163 illius
673 2103 821 2183 exemplo.
864 2097 916 2163 Est
935 2103 1010 2163 alio·
1030 2113 1035 2118 '

220 2208 272 2292 qui
295 2209 507 2291 perdecorum:
532 2204 550 2268 ὲ
573 2226 623 2267 me
646 2219 747 2268 tamen
767 2227 828 2269 non
854 2206 921 2269 ideo
946 2207 1012 2270 fiet.'

221 2312 249 2377 E
268 2312 388 2376 testibus
407 2313 530 2397 quidam
550 2310 610 2373 five
634 2307 737 2386 iratu's,
768 2313 849 2394 quod
871 2324 1011 2376 evocatus

220 2416 290 2480 effet
302 2417 426 2493 invitus,
450 2416 509 2480 five
522 2415 698 2479 subornatus
712 2419 750 2480 ab
765 2417 866 2501 aliquo
879 2420 1011 2497 reorum,

222 2534 255 2586 ut
275 2521 494 2598 'accusationem
517 2534 694 2597 exarmaret,
721 2504 909 2586 Norbanum¹
927 2523 1014 2587 Lici-

221 2629 345 2691 nianum
369 2628 512 2709 legatum,
537 2630 567 2691 &
589 2627 791 2710 inquisrtorem
812 2652 896 2693 reum
910 2631 1016 2715 postu·

221 2734 313 2798 lavit:
338 2746 480 2816 tanquam
496 2734 528 2795 in
541 2731 628 2796 causa
642 2732 740 2797 Castae
754 2752 831 2798 uxor
843 2737 908 2798 haec
923 2735 1012 2801 Clas-

221 2839 271 2902 fici
290 2839 541 2922 praevaricaretur.
559 2847 562 2852 ’
587 2837 639 2902 Est
660 2839 724 2923 lege
738 2839 873 2917 cautum,
889 2854 923 2904 ut
944 2863 1013 2904 reus

220 2951 290 3009 ante
311 2955 477 3029 peragatur,
503 2949 574 3007 tnnc
597 2945 635 3008 de
656 2945 879 3029 praevancatore
895 2963 1024 3031 quara-'-
