2317 3767
417 286 611 337 zrrrn
656 287 768 336 mn·
901 268 964 356 &9

171 435 334 500 liberorum
342 434 411 520 jure
426 431 577 517 praeceffit,
601 453 657 517 ego
678 430 766 494 illum
780 426 814 491 in
829 426 963 494 Praetura

37 564 42 571 ·
168 539 236 604 sum
250 538 432 615 consecutus,
450 546 521 601 cum
535 538 612 601 mihi
627 534 729 602 Caesar
742 555 855 598 annum
869 538 961 600 remi·

168 638 255 721 sisset,
279 665 334 728 ego
358 645 390 708 in
419 644 506 707 villas
532 644 597 729 ejus
621 639 827 726 saepe'seceffi‚
854 642 905 705 ille
929 644 961 707 in

169 751 262 813 domo
273 771 340 813 mea
353 749 428 834 saepe
442 749 607 812 'convaluitz
651 746 714 810 Hic
736 766 816 808 nunc
831 744 962 811 Procon.

167 853 213 918 sul
227 855 412 938 provinciam
431 853 576 917 Baeticam
597 873 649 936 per
663 849 811 915 Ticinum
831 850 871 914 'est
884 852 961 936 peti-

167 973 263 1024 turus.
309 958 413 1044 Spero,
444 958 540 1021 immo
565 957 695 1033 confido,
719 954 807 1020 facile
829 974 880 1020 me
901 957 960 1021 im·

168 1077 367 1149 pemmmm,
397 1076 431 1125 ut
452 1084 491 1125 ex
517 1063 620 1126 itinere
649 1062 786 1125 deflemat
803 1063 847 1125 'ad
872 1073 913 1139 te,
939 1063 961 1126 si

169 1172 253 1234 voles
271 1169 404 1232 vindieia
413 1169 549 1244 liberare,
561 1189 637 1251 quos
650 1168 785 1251 proxime
796 1169 873 1231 inter
882 1167 959 1230 ami-

168 1297 220 1340 cos
235 1273 437 1338 manumisrsti.
481 1272 574 1337 Nihil
598 1272 640 1335 est
662 1274 743 1357 quod
757 1273 895 1348 verearis,
922 1293 961 1336 ne

168 1380 204 1443 s1t'
220 1382 278 1443 hoc
301 1380 346 1442 illi
367 1377 536 1453 molestum,
560 1379 610 1441 cui
625 1378 729 1441 orbem
743 1389 889 1442 terrarum
902 1378 960 1441 cir·

168 1486 282 1549 cumire
310 1506 371 1549 non
393 1482 463 1548 'erit
495 1486 621 1567 longum
648 1503 714 1545 mea
740 1481 837 1546 causa.
885 1481 959 1546 Pro-

170 1591 240 1653 iride
267 1591 393 1654 nimiam
417 1590 502 1653 istam
527 1586 739 1669 verecundiam
761 1608 849 1671 pone,
873 1600 961 1673 teque

170 1696 243 1780 quid
269 1695 355 1771 velis,
377 1693 513 1758 'consule
560 1694 612 1756 Illi
633 1706 699 1756 ‘tam
723 1694 893 1779 jucundum
920 1692 961 1756 est

171 1803 251 1886 quod
267 1820 334 1885 ego,
353 1821 442 1885 quam
457 1801 543 1875 mihi,
565 1800 645 1883 quod
659 1812 693 1862 tu
703 1800 802 1883 jubes.
849 1797 936 1862 Vale.

179 2031 285 2078 XVII·
311 2032 344 2078 C.
367 2031 513 2076 PLINIUS
533 2029 649 2076 NONIO
667 2028 797 2075 emur
825 2030 892 2076 SUO
917 2032 946 2076 S·

177 2173 266 2289 Sim
282 2224 389 2309 cuique
402 2226 479 2288 ratio
500 2223 659 2287 recitandi:
684 2222 770 2299 mihi,
793 2225 872 2305 quod
887 2221 961 2305 saepe

168 2329 235 2413 jam
254 2330 328 2406 dixi,
349 2342 382 2393 ut
403 2331 425 2392 fi
447 2331 519 2414 quid
538 2351 588 2393 me
611 2327 698 2412 fugit,
719 2340 753 2391 ut
771 2342 850 2391 certe
870 2325 958 2411 fugit,

174 2436 345 2501 admonear.
391 2435 464 2520 Quo
497 2435 592 2517 magis
617 2434 719 2516 miror,
753 2434 833 2516 quod
860 2431 961 2496 scribis

172 2535 258 2603 fuiffe
283 2541 426 2627 quosdam
450 2542 502 2625 qui
526 2540 771 2623 reprehenderent
795 2539 874 2622 quod
893 2558 961 2600 ora·

172 2644 268 2709 tiones
291 2647 417 2711 omnino
442 2646 616 2709 recitarem:
640 2643 693 2707 nifi
711 2662 783 2706 vero
807 2642 861 2704 has
885 2639 961 2706 solas

171 2771 234 2815 non
254 2760 362 2835 'putant
385 2752 596 2815 emendandas.
640 2747 671 2812 Α
700 2749 808 2833 quibus
836 2746 961 2810 libenter

172 2857 364 2941 requifierim,
389 2869 443 2919 c'ur
471 2858 634 2920 concedant
665 2854 697 2939 (sr
726 2852 888 2918 concedant
913 2865 960 2916 ta·

108 2950 112 2953 ¹
172 2958 257 3039 men)
277 2962 430 3029 historiam
444 2963 550 3027 debere
563 2960 691 3040 recitari,
709 2975 852 3045 quae-'non
865 2958 961 3025 oflen-
