2317 3767
423 279 614 329 atrurn
660 280 714 331 vr.
784 308 806 337 ,-
909 258 970 350 263

180 421 263 491 domi
277 425 431 504 habuerat,
446 428 527 511 quast
540 439 697 492 contentus
713 422 859 490 aemulum
871 442 972 488 remo·

182 531 264 595 visse.
307 532 504 610 Admonitus,
525 547 559 597 ut
578 546 728 618 perageret
741 526 970 607 accusationem,

182 638 292 722 peregit
306 637 429 716 invitus,
455 637 504 701 sed
526 638 611 702 illam
625 638 760 703 damnari
773 636 864 700 etiam
877 633 973 699 invito

162 795 164 798 .
182 743 347 808 accusatore
361 744 474 808 necesse
488 758 569 809 erat:
583 746 746 822 damnata,
762 746 792 809 ἃ
816 742 908 828 Juliae
928 741 972 805 le-

182 846 226 930 gis
236 848 335 931 poenis
356 850 458 913 relicta
472 851 523 914 est.
568 848 831 916 Caesar&nomen
843 849 973 913 centuri·

184 954 263 1029 onis,
280 956 311 1018 δε
329 957 646 1021 commemorationem
659 955 820 1041 disciplinae
838 956 974 1019 militaris

183 1056 335 1122 sententiae
350 1061 467 1144 adjecit,
482 1082 520 1123 ne
534 1083 639 1125 omnes
654 1060 798 1144 ejusmodi
813 1059 913 1124 causas
926 1081 974 1122 re·

185 1183 291 1226 vocare
318 1166 355 1227 ad
383 1165 412 1227 se
438 1166 617 1255 videretur..
641 1166 752 1230 Tertio
779 1164 826 1229 die
854 1166 976 1229 indus'ta

184 1268 315 1352 cognitio
329 1269 368 1332 est
383 1271 486 1334 multis
500 1271 696 1347 sermonibus,
720 1274 749 1335 ἃ
764 1270 848 1335 vario
858 1292 976 1334 rumore

181 1375 294 1458 jactata
310 1374 386 1460 Julii
408 1375 544 1461 Tyronis
558 1378 712 1453 codicillis,
738 1398 813 1460 quos
837 1390 977 1459 exparte

187 1503 272 1544 veros
294 1482 352 1544 esse
364 1483 525 1559 constabat,
541 1505 579 1546 ex
603 1496 685 1568 parte
707 1481 771 1545 falfi
792 1482 975 1545 dicebantur.

188 1586 443 1650 Substituebantur
469 1589 588 1652 crimini
616 1589 807 1673 Sempronius
842 1586 975 1660 Senecio,

69 1684 71 1687 ’
150 1730 154 1733 ,
189 1691 289 1776 Eques
303 1692 472 1768 Romanus,
487 1696 517 1757 δι
536 1694 735 1779 Eurythmus,
748 1690 875 1757 Caesaris
888 1691 979 1755 liber-

188 1808 248 1873 tus,
264 1799 294 1862 ἃ
313 1812 493 1880 procurator.
537 1800 693 1875 Haeredes,
710 1814 781 1861 cum
798 1797 979 1863 Caesarelset
1077 1839 1081 1845 ·

75 1943 79 1948 ι
187 1902 220 1965 in
232 1902 342 1981 Dacia,
362 1906 562 1968 communiter
575 1904 694 1988 epistola
714 1903 819 1986 scripta
835 1902 979 1988 petierant

188 2026 222 2071 ut
235 2007 388 2093 susciperet
401 2009 602 2092 cognitionem
615 2035 623 2074 ε
650 2008 820 2093 susceperat.
864 2010 977 2073 Rever-

187 2114 235 2177 sus
253 2115 335 2179 diem
347 2117 475 2192 dixerat,
490 2119 521 2181 &
534 2135 606 2178 cum
627 2137 664 2178 ex
679 2117 846 2179 haeredibus
856 2115 979 2201 quidam

189 2220 268 2304 quast
293 2221 457 2285 reverentia
483 2220 644 2306 Eurythmi
666 2223 849 2285 remitterent
862 2220 979 2284 accusa·

189 2328 314 2405 tionem,
332 2329 534 2413 pulcherrime
548 2328 673 2405 dixerat,
689 2326 752 2390 Nec
765 2326 812 2389 ille
826 2327 981 2412 Polycletus

189 2433 239 2514 est,
254 2453 303 2495 nec
320 2457 368 2516 ego
383 2433 474 2498 Nero.
520 2432 687 2496 Indulserat
700 2446 799 2495 tamen
814 2433 980 2516 petentibus

191 2537 376 2616 dilationem,
406 2538 491 2623 cujus
520 2551 653 2622 tempore
681 2538 786 2600 exaslo
812 2534 982 2599 consederat

192 2641 357 2706 auditurus.
384 2642 414 2706 A
435 2656 518 2727 parte
538 2645 691 2707 haeredum
706 2643 890 2705 intraverunt
903 2641 978 2705 duo:
1017 2660 1020 2664 ·

190 2748 318 2811 omnino
342 2748 534 2832 postularunt,
557 2762 592 2812 ut
614 2769 719 2813 omnes
741 2747 875 2810 haeredes
897 2762 983 2827 agere

192 2863 378 2935 cogerentur,
393 2873 463 2918 cum
473 2854 641 2920 detulissent
651 2874 769 2928 ornnes,
785 2862 836 2913 aut
843 2849 897 2914 fibi
907 2865 982 2934 quo·-

192 2979 251 3042 que
264 2957 394 3022 desrstere
407 2959 636 3041 permitteretur.
681 2957 816 3025 Locutus
827 2955 868 3019 esi
883 2953 985 3020 Caesar

595 3065 654 3141 84
