2317 3767
388 246 676 347 nreerrr.
886 276 929 369 63

132 458 169 510 ut
183 445 260 528 quod
278 441 367 505 multi
381 443 512 505 clamore
526 442 676 527 permixto
688 452 820 516 tuentur,
834 459 927 504 nemo

131 549 299 613 tacentibus
312 548 428 610 caeteris
448 547 545 611 dicere
563 547 647 611 velit.
693 544 817 610 Patescit
842 545 925 610 enim

130 676 205 719 cum
218 653 357 736 separaris
371 652 499 729 iturba,
515 651 728 736 contemplatio
742 670 843 716 rerum
857 673 926 737 quae

132 762 221 823 turba
244 772 396 843 teguntur.
451 757 608 823 Venerunt
631 757 683 841 qui
718 755 814 819 adeffe
841 770 926 822 erant

128 863 211 949 juffi,
238 863 380 927 Vitellius
394 864 582 940 Honoratus,
602 865 633 928 δι
656 862 780 927 Flavius
794 861 924 929 Martia·

133 991 211 1032 nus:
236 971 406 1053 exquibus
433 969 609 1034 Honoratus
630 970 767 1033 trecentis
791 968 925 1034 millibue

134 1075 261 1138 exilium
285 1076 394 1158 equitia
409 1074 553 1151 Romani,
577 1075 745 1159 septemque
758 1074 925 1140 amicorum

134 1182 202 1265 ejus
218 1182 359 1244 ultimam
374 1201 514 1265 poenam:
540 1180 713 1244 Martianus
732 1179 821 1243 unius
838 1181 924 1265 equi·

133 1286 173 1349 tis
199 1285 334 1350 Romani
356 1284 543 1369 septingentis
558 1286 691 1348 millibus
712 1286 798 1367 plura
815 1284 924 1371 suppli·

131 1392 179 1454 cia
213 1393 391 1474 arguebatur
413 1390 530 1454 emisse.
585 1390 660 1454 Erat
689 1390 772 1453 enim
799 1387 925 1455 fustibus

131 1495 236 1572 caesus,
263 1498 423 1560 damnatus
438 1497 470 1559 in
484 1497 654 1580 metallum,
671 1494 868 1579 strangulante
892 1494 925 1560 in

132 1621 261 1664 carcere.
302 1600 364 1663 Sed
388 1600 583 1664 Honoratum
607 1601 769 1685 cognitioni
798 1600 925 1666 Summa

133 1726 220 1770 mors
233 1719 396 1789 opportuna
410 1704 574 1770 subtraxit:
597 1707 770 1771 Martianus
784 1707 923 1772 induitur

131 1812 176 1875 est
202 1810 319 1875 absente
347 1810 457 1876 Prisco.
513 1811 620 1895 Itaque
648 1811 764 1876 Tutius
788 1810 923 1878 Cerealia

130 1915 294 1980 consularis
310 1917 379 2001 jure
400 1916 546 1980 senatorio
567 1916 734 2001 postulavit,
761 1930 794 1981 ut
807 1917 924 1984 Priscue

131 2025 241 2087 certior
270 2023 374 2087 lieret:
405 2022 464 2086 slve
488 2025 559 2107 quia
582 2022 836 2102 miserabiliorem,
863 2023 924 2089 sive

130 2130 203 2212 quia
217 2127 437 2192 invidiosiorem
450 2125 514 2192 fore
528 2125 737 2206 arbitrabatur,
758 2129 780 2194 n
798 2129 923 2215 presens

131 2231 243 2311 suisset,
265 2233 324 2298 sive
345 2235 438 2318 (quod
449 2235 583 2297 maxime
593 2230 693 2314 credo)
713 2236 784 2319 quia
796 2234 922 2319 equin-

131 2357 219 2403 mum
233 2349 309 2416 erat,
331 2359 493 2409 commune
507 2340 623 2403 crimen
633 2342 671 2403 ab
679 2353 805 2426 utroque
818 2338 923 2406 desem

131 2445 189 2508 dt·
220 2443 311 2521 Eeb
331 2445 406 2509 dilui
427 2467 489 2509 non
503 2445 652 2529 potuisset,
675 2447 843 2531 inutroque
864 2469 921 2535 pu·

131 2548 202 2611 niri.
247 2550 354 2615 Dilata
375 2572 421 2614 ree
452 2550 545 2614 estin
571 2552 743 2635 proximum
766 2550 921 2633 Senatum,

131 2656 218 2741 cujus
231 2653 292 2739 ipse
304 2654 477 2741 conspetius
492 2656 707 2740 augustissunue
722 2654 791 2721 suit.
835 2656 922 2721 Prin.

129 2780 199 2844 cepe
223 2761 395 2845 praefidebat
432 2763 507 2847 (erat
538 2764 620 2827 enim
646 2758 773 2841 Consul)
801 2764 840 2825 ad
865 2761 924 2824 hoe

129 2863 293 2948 Januarius
315 2868 423 2931 menfis
445 2889 515 2933 cum
543 2882 662 2945 caetea,
691 2881 758 2933 tum
776 2867 923 2953 precipue

130 2968 312 3037 Senatorum
336 2971 504 3060 frequentia
523 2974 752 3039 celeberrimus:
781 2985 923 3059 praetem
