2317 3767
212 266 272 353 158
372 283 406 331 c.
429 284 545 331 nuru.
575 282 840 332 rrrsrornn.

208 425 392 512 scripserunt,
413 447 475 489 non
497 427 588 489 modo
610 424 729 490 lascivia
756 420 869 501 rerum,
896 424 945 489 sed
968 447 1007 490 ne

208 532 307 596 verbis
320 532 444 616 quidem
461 532 548 594 nudis
559 530 743 594 abstinuisse:
771 528 839 613 q'uae
853 552 908 593 nos
922 529 1005 594 resu-

122 719 124 722 .
206 640 318 723 gimus,
342 658 404 701 non
425 637 496 721 quia
509 636 678 714 severiores,
703 637 796 720 (unde
809 637 891 699 enirn
905 632 930 715 ?)
956 636 1006 699 sed

207 745 279 831 quia
300 743 463 806 timidiores
485 741 599 806 sumus.
644 742 761 805 Scimus
783 741 894 824 alioqui
914 742 1007 824 hujus

207 847 338 931 opusculi
366 848 451 911 illam
479 848 536 911 esse
560 848 740 912 verissimam
767 850 876 931 legem,
910 869 1003 932 quam

209 953 510 1042 Catullusexpreffit,

214 1087 217 1096 ¹
268 1057 349 1123 Nam
363 1060 466 1144 castum
479 1059 529 1145 ff
542 1061 619 1122 decet
629 1058 710 1144 pium
724 1066 835 1145 pollam

268 1163 375 1250 Ipsum,
394 1164 541 1250 verstculos
555 1163 630 1226 nihil
643 1166 742 1251 ›ieceffe
755 1166 815 1249 est:
837 1242 841 1250 ι

268 1269 335 1357 ,Qui
353 1281 420 1333 tunc
432 1269 547 1353 denique
561 1267 761 1355 habentsalem
777 1272 811 1334 &
824 1265 951 1353 leporem,

268 1375 381 1460 Sisunt
398 1375 541 1450 molliculi,
566 1378 602 1438 ἔθ’
610 1389 716 1459 parum
725 1374 834 1459 pudici.

205 1475 271 1563 Ego
290 1481 394 1564 quanti
409 1477 519 1542 faciam
534 1479 684 1563 judicium
703 1492 802 1555 tuum,
827 1479 874 1541 vel
889 1498 926 1541 ex
940 1477 999 1540 hoc

204 1596 287 1667 potes
311 1585 468 1659 aestinrare,
492 1587 571 1666 quod
599 1585 693 1646 malui
711 1585 814 1648 omnia
828 1582 846 1646 ri
860 1595 889 1645 te
903 1581 998 1667 pensr-

205 1691 273 1766 tari,
296 1709 389 1773 quam
411 1688 504 1751 eloco
517 1688 644 1751 laudari.
690 1688 730 1752 Et
751 1688 830 1764 sane,
851 1709 920 1770 quae
932 1686 1001 1749 sunt

205 1793 453 1871 commodiffnna,
478 1794 612 1857 desinunt
636 1794 729 1857 videri
750 1816 821 1858 cum
844 1794 926 1877 paria
944 1792 1001 1855 esse

207 1912 373 1984 coeperunt.
418 1899 565 1964 Praeterea
587 1899 700 1984 sapiens
718 1899 886 1984 subtilisque
910 1901 1002 1963 leslor

76 2055 79 2063 i
205 2006 293 2068 debet
307 2027 368 2069 non
383 2006 501 2070 diversis
522 2004 656 2071 conserte
671 2005 795 2081 diversa,
820 2006 869 2068 sed
888 2005 1001 2089 singula

205 2113 388 2195 expenderet
415 2134 470 2175 nec
489 2113 620 2175 deterius
643 2114 702 2175 alio
717 2126 831 2195 putare,
858 2114 938 2196 quod
961 2111 1002 2174 est

206 2216 238 2277 in
249 2213 302 2277 suo
315 2236 421 2298 genere
434 2214 612 2300 perfeclum.
658 2217 716 2281 Sed
730 2216 801 2301 quid
816 2239 870 2302 ego
889 2218 974 2302 plura
986 2219 998 2278 i

74 2401 77 2413 Ι
205 2319 293 2385 Nam
325 2323 459 2405 longiore
487 2320 662 2406 praefatione
695 2326 744 2386 vel
771 2321 919 2400 excusare,
951 2323 1002 2385 vel

204 2428 414 2490 commendare
428 2428 565 2511 ineptias,
583 2428 795 2512 ineptissimum
808 2429 859 2492 est.
891 2428 999 2494 Unum

204 2532 280 2595 illud
293 2533 515 2615 praedicendum
526 2534 653 2611 videtur,
670 2536 799 2623 cogirare
813 2555 862 2598 nre
872 2535 927 2596 has
941 2554 999 2595 nu-

203 2657 256 2722 gas
269 2657 351 2701 meas
359 2637 401 2701 ita
410 2636 576 2715 inscribere,
588 2639 848 2725 Hendecasyllabi‚
863 2640 915 2724 qui
929 2640 1000 2702 titu-

159 2759 161 2762 ’
205 2746 253 2809 lus
274 2744 335 2807 sola
353 2743 442 2806 metri
455 2744 519 2827 lege
537 2744 753 2829 constringitur.
797 2746 925 2810 Proinde
940 2744 999 2807 five

204 2851 430 2933 epigrammata,
446 2848 505 2913 five
522 2851 642 2933 edyllia,
657 2851 715 2914 five
730 2852 857 2934 eclogae,
874 2850 932 2913 five
954 2851 1001 2933 (ut

206 2952 307 3036 inulti)
330 2958 482 3041 poemata,
503 2952 553 3018 seu
573 2957 653 3039 quod
673 2956 754 3019 aliud
777 2976 883 3019 vocare
900 2956 998 3018 malu-
