2317 3767
316 288 694 337 „trrnnvnn
766 296 769 301 ⁴
872 283 930 351 351

144 432 176 497 tc
198 431 311 515 paucis,
328 420 417 496 ‘idem
442 433 550 495 iterum
579 428 696 505 amicis,
721 422 832 492 foro&
845 442 937 509 negor

144 537 195 601 tiis
217 558 278 599 non
292 535 501 600 abstinuiffem.
545 533 673 611 Addidi,
698 534 781 597 hunc
801 534 937 596 ordinem

145 643 238 706 me&
252 641 284 704 in
298 640 451 704 scribendo
465 641 557 726 sequi,
583 653 617 704 ut
637 639 817 703 neceffitates
830 640 937 722 volup·

145 746 268 834 tatibus,
293 744 365 808 seria
386 747 527 830 jucundis
545 742 734 821 anteferrem,
752 765 786 806 ac
804 745 937 828 primum

146 851 261 926 amicis,
291 865 357 913 turn
380 852 456 913 mihi
484 850 651 914 scriberem.
705 849 798 914 Liber
827 848 885 912 fuit
907 850 938 912 δι

147 955 295 1038 opusculis
320 958 419 1018 varius
442 958 473 1018 &
495 956 594 1019 metri.
646 954 696 1017 Ita
720 952 859 1029 solemus,
885 955 937 1038 qui

147 1059 266 1142 ingenio
298 1068 404 1144 parum
443 1061 577 1135 fidimus,
614 1058 753 1121 satietatis
772 1059 938 1141 periculum

146 1162 259 1247 fugere.
304 1165 439 1228 Recitavi
453 1166 565 1227 biduo:
593 1164 651 1226 hoc
664 1161 792 1225 affensus
814 1164 938 1226 audien-

146 1269 224 1333 tium
239 1272 346 1353 exegit.
392 1269 432 1334 Et
457 1283 557 1332 tamen
572 1281 607 1331 ut
628 1268 678 1330 alii
692 1266 842 1330 transeunt
855 1289 938 1351 quae·

148 1377 231 1451 dam,
258 1377 475 1459 imputantque,
507 1376 588 1458 quod
615 1371 784 1436 transeant:
815 1371 853 1434 fic
883 1386 939 1456 ego

145 1481 222 1544 nihil
245 1495 396 1564 praetereo,
422 1495 509 1565 atque
532 1480 625 1546 etiam
638 1498 700 1541 non
720 1477 868 1560 praeterire
889 1497 939 1541 me

146 1585 245 1654 testor.
290 1584 375 1667 Lego
384 1587 466 1649 enim
477 1586 591 1661 omnia,
608 1597 641 1647 ut
655 1583 758 1649 omnia
766 1583 937 1658 emendem,

53 1720 56 1726 ·
147 1693 229 1773 quod
243 1691 413 1771 contingere
433 1712 493 1752 non
507 1689 600 1773 potest
619 1690 712 1753 cletta
733 1687 937 1751 recitantibus.

149 1795 194 1858 -At
218 1797 293 1877 illud
323 1794 492 1871 modestius,
528 1797 558 1861 &
598 1792 716 1858 fortaffe
745 1791 940 1868 reverentius,

146 1901 195 1965 sed
222 1902 279 1964 hoe
302 1901 461 1984 srmplieius
484 1903 515 1964 ἃ
528 1902 696 1963 amantius.
741 1898 837 1967 Amat
858 1899 939 1961 enirn

147 2008 199 2093 qui
214 2006 242 2069 se
257 2007 294 2070 fic
313 2007 406 2069 amari
417 2019 512 2089 putat,
530 2019 563 2068 ut
577 2007 704 2068 taedium
725 2026 786 2068 non
800 2005 939 2087 pertime-

146 2112 217 2175 scat.
261 2112 386 2197 Alioqui
405 2113 477 2196 quid
499 2111 636 2195 praestant
648 2111 773 2186 sodales,
792 2110 815 2172 fi
831 2124 940 2177 conve÷

93 2288 95 2292 ³
150 2219 238 2280 niunt
248 2219 408 2301 voluptatis
423 2215 600 2280 suaecausa?
618 2218 777 2300 ‘delegatus
791 2236 826 2279 ac
840 2216 942 2279 surrilis

113 2326 116 2330 ’
150 2323 252 2404 ignoto
262 2323 314 2400 est,
330 2324 382 2406 qui
396 2323 485 2385 amici
498 2323 611 2387 librum
627 2325 742 2393 bonum
756 2313 872 2384 mavult
885 2342 940 2384 aua

151 2428 225 2503 dire,
240 2449 331 2511 quam
354 2424 460 2491 facere.
504 2428 582 2492 Non
596 2429 701 2491 dubito
719 2446 825 2510 cupere
840 2441 869 2488 te
887 2446 942 2510 pro

149 2544 257 2594 caetera
285 2535 346 2595 mei
369 2534 502 2608 caritate,
522 2554 615 2617 quam
635 2531 826 2606 maturiffime
846 2532 942 2614 legere

151 2637 232 2699 hunc
247 2637 343 2700 adhuc
358 2638 505 2701 musteum
530 2639 653 2702 librum.
698 2636 807 2721 Leges,
824 2636 873 2700 sed
894 2659 942 2700 re*

151 2743 322 2819 traeiatum,
342 2765 410 2826 quae
431 2743 517 2806 causa
530 2744 673 2806 recitandi
686 2741 765 2806 fuit:
796 2745 827 2806 ἃ
842 2754 944 2807 tamen

152 2848 297 2921 nonnulla
306 2849 373 2932 jam
391 2869 430 2912 ex
455 2869 492 2911 eo
507 2850 591 2913 nosti.
636 2849 715 2914 Haec
725 2851 774 2912 vel
787 2852 944 2914 emendata

151 2952 260 3035 postea,
275 2955 324 3017 vel
338 2955 431 3040 (quod
445 2955 595 3021 interdum
609 2955 741 3038 longiore
760 2974 846 3017 mora
859 2951 948 3034 solet).
