2317 3767
226 254 265 321 16
393 277 857 324 c.PL1N.ErlsT01.AR.

226 542 277 587 tx.
302 541 336 586 C·
353 542 500 586 PLINIUS
519 540 685 588 Mtuurto
705 542 881 590 FUNDANO
898 545 966 591 SUO
983 548 1013 592 S.

226 681 395 797 Murum
420 733 472 810 est,
501 755 592 819 quam
617 734 738 818 singulis
760 734 865 806 diebus
886 735 919 798 in
942 738 1016 799 urbe

224 839 302 901 ratio
316 852 368 901 aut
378 839 499 916 constet,
513 853 564 902 aut
579 839 709 902 constare
722 840 871 916 videatur,
879 841 1017 923 pluribus

224 944 394 1029 cunstisque
412 966 474 1007 non
497 944 617 1007 constet.
663 945 761 1020 Nam,
783 944 909 1029 siquem
923 946 1016 1008 inter-

144 1114 147 1126 ,
223 1069 320 1132 roges,
350 1049 431 1112 hodie
463 1051 535 1135 quid
563 1051 676 1137 egisti?
717 1049 901 1133 respondeat,
930 1051 1016 1137 officio

224 1167 295 1237 togae
309 1155 407 1218 virilis
425 1155 547 1243 interfui
553 1184 566 1228 ,·
579 1155 727 1242 sponsalia
749 1170 800 1219 aut
820 1156 933 1242 nuptias
944 1159 1016 1243 fn·

223 1260 359 1343 quentavi
366 1288 379 1332 ,·
400 1261 447 1324 ille
462 1285 503 1324 me
524 1262 735 1346 adſsgnandum
749 1264 951 1347 testamentum,
970 1262 1017 1323 ille

223 1364 253 1428 in
268 1366 487 1444 advocationem,
510 1366 557 1429 ille
570 1367 601 1430 in
616 1366 753 1452 corfilium
769 1367 893 1450 rogavit.
929 1365 1016 1431 vHaec

223 1491 285 1553 quo
303 1472 351 1533 die
365 1468 483 1549 seceris,
506 1472 687 1547 necessaria;
711 1474 828 1549 eadem,
849 1472 1018 1556 srquotidie

223 1573 321 1639 secisse
335 1589 364 1639 te
379 1590 508 1659 reputes,
525 1577 626 1639 inania
636 1577 791 1640 videntur:
808 1580 907 1641 multo
920 1579 1017 1661 magis

222 1701 294 1743 cum
302 1680 457 1743 secesseris.
475 1680 570 1745 Tunc
578 1682 660 1743 enim
671 1681 749 1745 subit
760 1685 935 1761 recordatio,
943 1697 1016 1768 quot

222 1787 297 1861 dies,
320 1806 412 1869 quam
440 1783 556 1870 frigidis
573 1788 661 1849 rebus
684 1785 895 1871 absumpseris?
922 1788 1016 1873 Qrod

223 1892 323 1953 evenit
345 1893 421 1955 mihi
442 1890 597 1977 postquam
620 1893 652 1955 in
671 1892 857 1957 Laurentino
878 1914 948 1958 meo
964 1906 1016 1957 aut

221 1998 289 2080 lego
302 1997 428 2081 aliquid,
440 2009 492 2060 aut
506 1997 613 2075 scribo,
629 2011 681 2061 aut
694 2000 786 2062 etiam
798 2002 913 2082 corpori
927 2020 1014 2076 vaco,

222 2102 308 2187 cujus
325 2099 445 2166 sulturis
456 2104 575 2166 animus
589 2102 755 2167 sustinetur.
800 2103 891 2167 Nihil
913 2106 1015 2182 audio,

222 2210 303 2291 quod
318 2209 440 2286 audisse,
462 2209 537 2272 nihil
560 2211 628 2273 dico
648 2211 728 2293 quod
742 2208 845 2271 dixisse
859 2211 1013 2293 poeniteat.

222 2312 329 2378 Nemo
342 2316 421 2397 apud
435 2335 486 2378 me
499 2336 671 2399 quenquam
686 2315 804 2380 finistris
830 2313 1016 2380 sermonibus

222 2421 333 2503 carpit:
357 2420 510 2483 neminem
536 2419 595 2503 ipse
622 2421 816 2504 reprehendo,
839 2420 893 2483 nist
918 2441 1015 2483 unum

222 2545 284 2600 me,
307 2545 378 2587 curn
403 2546 509 2609 parum
529 2528 688 2590 commode
709 2526 821 2589 scribo:
845 2527 929 2589 nulla
953 2525 1015 2609 spe,

140 2645 143 2650 “
223 2631 308 2693 nullo
322 2631 429 2694 timore
444 2630 583 2708 solicitor,
607 2632 698 2694 nullis
712 2633 883 2695 rumoribus
898 2631 1015 2715 inquie-

224 2750 281 2813 tor,
314 2757 433 2798 mecum
457 2748 575 2799 tantum
606 2738 730 2804 &cum
753 2737 862 2800 libellis
896 2737 1014 2820 loquor.

224 2841 257 2907 O
284 2843 397 2906 restam
417 2841 618 2925 smeeramq'ue
637 2841 749 2905 vitam!
773 2841 895 2905 bdulce
918 2841 1016 2906 otium

167 3027 169 3030 Ι
224 2948 450 3033 honestumque,
473 2967 507 3010 ac
521 2968 596 3031 pene
610 2949 695 3012 omni
709 2948 829 3030 negotio
842 2944 1014 3032 pulchrius!
