2317 3767
408 206 601 315 mn
645 269 695 315 11.
906 269 945 336 77

159 404 490 491 Hybernaculum,hoc
498 411 589 476 etiam
600 408 798 495 Gymnasium
809 429 946 474 meorum

161 512 215 575 est.
259 514 307 578 Ibi
321 537 427 582 omnes
440 516 524 578 filent
545 516 639 593 venti,
653 515 793 599 exceptis,
817 515 869 600 qui
887 536 947 580 nu·

160 619 257 683 bilum
277 622 434 698 inducunt,
460 619 650 684 &serenum
675 632 833 703 antequam
859 618 944 683 usum

158 723 217 785 loci
230 725 370 808 eripiunt.
416 724 596 788 Adnetiitur
609 726 719 808 angulo
729 725 900 788 cubiculum
912 724 944 788 in

157 829 254 911 apsida
268 844 438 905 curvatum,
461 832 541 913 quod
562 830 710 894 ambitum
731 829 798 893 solis
812 826 944 892 fenestris

156 936 299 998 omnibus
309 934 448 1019 sequitur.
493 933 602 998 Parieti
623 935 685 1019 ejus
705 935 737 998 in
755 933 943 996 bibliothecae

155 1034 282 1119 speciem
296 1040 458 1101 armarium
478 1038 618 1102 infertum
639 1038 689 1114 est,
715 1041 795 1123 quod
816 1059 877 1102 non
897 1040 941 1103 le·

153 1146 268 1226 gendos
281 1146 385 1219 libros,
407 1144 455 1206 sed
475 1145 649 1223 lectitandos
667 1144 755 1229 capit.
798 1143 942 1208 Adhaeret

154 1248 367 1311 dormitorium
390 1251 559 1312 membrum
589 1248 710 1312 tranfitu
739 1248 939 1333 interjacente,

152 1355 206 1436 qui
227 1351 423 1436 suspensus&
441 1354 590 1417 tabulatus
611 1366 787 1438 conceptum
800 1373 940 1436 vaporem

151 1454 263 1521 salubri
285 1471 518 1542 temperamento
538 1460 598 1521 huc
621 1457 693 1520 illue
714 1458 867 1540 digerit&
882 1456 940 1518 mi·

151 1561 267 1625 nistrat.
311 1562 439 1647 Reliqua
462 1584 530 1646 pars
554 1562 653 1626 lateris
674 1562 765 1647 hujus
788 1558 940 1625 servorum

150 1665 385 1752 libertorumque
410 1667 508 1731 usibus
529 1668 687 1743 detinetur,
712 1664 855 1750 plerisque
877 1677 939 1730 tam

152 1772 290 1847 mundis,
314 1785 345 1834 ut
367 1774 496 1855 accipere
518 1770 644 1854 hospites
657 1770 774 1855 poffint.
816 1770 865 1835 Ex
879 1771 939 1836 alio

149 1876 246 1943 latere
269 1877 441 1940 cubiculum
462 1876 502 1939 eil
526 1875 741 1959 politiilrmum,
762 1877 868 1940 deinde
889 1880 939 1941 vel

149 1969 326 2044 cubiculum
351 1983 472 2064 grande,
499 1982 548 2043 vel
569 1980 688 2044 modica
710 1981 850 2058 coenatio,
869 2003 937 2066 quae

148 2087 283 2168 plurimo
302 2086 372 2162 sole,
398 2086 527 2169 plurimo
549 2086 626 2150 mari
647 2087 736 2148 lucet.
781 2084 847 2149 Post
860 2087 937 2151 hanc

147 2191 324 2253 cubiculum
338 2212 409 2256 cum
422 2203 603 2275 procoetone,
619 2192 775 2254 altitudine
788 2191 934 2271 aestivum,

148 2296 349 2358 munimentis
366 2296 545 2380 hybernum.
590 2294 641 2360 Est
659 2297 740 2358 enirn
759 2294 936 2362 subductum

147 2400 290 2464 omnibus
304 2401 411 2464 ventis.
456 2400 538 2464 Huic
557 2399 696 2464 cubiculo
714 2401 807 2477 aliud,
821 2403 852 2467 ἃ
866 2423 936 2486 pro-

147 2516 252 2567 coeton
261 2507 416 2570 communi
427 2507 535 2590 pariete
544 2506 723 2590 junguntur,
732 2506 801 2574 inde
812 2506 940 2586 balinei,

146 2611 225 2673 cella
235 2608 397 2694 frigidaria,
412 2610 532 2695 spatiosa
547 2613 578 2675 δι
594 2609 697 2689 effusa,
713 2610 798 2696 cujus
811 2612 843 2675 in
862 2631 935 2674 con-

145 2715 245 2777 trariis
266 2716 429 2798 parietibus
449 2717 511 2779 duo
534 2715 710 2800 baptisteria,
736 2719 817 2779 velut
841 2714 936 2800 ejedia

144 2816 311 2897 sinuantur,
328 2822 445 2884 abunde
455 2821 583 2905 capacia.
629 2819 660 2884 Si
675 2821 777 2886 innare
791 2821 823 2884 in
834 2819 934 2904 proxi·

104 2909 108 2912 ’
144 2943 199 2986 mo
219 2925 341 3007 cogites,
365 2924 479 3011 adjacet
500 2925 690 2992 undtuarium
708 2923 933 3020 hypocaustum,
