2317 3767
324 259 704 336 firoaa'rv.
888 287 945 355 171

154 434 260 517 plum?
288 433 410 516 quando
434 430 556 495 locellus
581 434 659 509 mei,¹
677 453 739 495 non
759 429 875 495 defidiae
891 452 949 495 no·

153 560 236 616 men,
251 537 300 601 sed
309 538 531 621 tranquillitatis
542 539 705 622 accipient?
752 537 841 600 Vale.

158 727 258 813 lxiv.
303 769 337 813 c.
357 753 504 813 rrimus
522 750 633 815 ramo
652 769 820 814 varrum
836 768 903 815 suo
917 772 946 815 s.

159 918 349 1027 Proxima
367 981 439 1022 cum
452 964 532 1044 apud
546 962 748 1025 centumviros
759 962 798 1024 ‘in
817 965 949 1045 quadru-

155 1070 225 1152 plici
235 1069 350 1153 judicio
364 1067 510 1145 duritiem,
527 1067 614 1130 subiit
622 1068 786 1131 recordatio
798 1068 885 1151 egille
898 1091 949 1133 me

157 1175 314 1259 juvenem,
333 1195 416 1257 aeque
431 1174 462 1235 in
477 1175 675 1257 quadruplici.
719 1172 857 1238 Processit
882 1176 948 1238 ani·

125 1291 127 1296 '
158 1302 239 1357 mue,
256 1292 291 1341 ut
303 1276 385 1354 solet,
407 1279 524 1362 longius
540 1303 559 1341 zx
575 1278 655 1363 eoepi
669 1291 816 1362 reputare,
831 1299 906 1364 quos
916 1282 948 1343 in

156 1387 213 1448 hoc
222 1384 349 1470 judicio,
377 1407 452 1468 quos
467 1386 499 1447 in
516 1385 575 1446 sslo'
594 1383 686 1447 socios
699 1386 809 1448 laboris
829 1384 950 1448 habuis·

157 1489 231 1553 sem,
283 1491 370 1553 Solus
390 1511 485 1565 eram,
511 1490 577 1573 qui:
590 1492 621 1553 in
647 1504 772 1575 utroque
790 1489 948 1553 dixillem:

157 1610 256 1659 tantas
277 1596 490 1672 converfiones,
513 1609 568 1665 aut
582 1593 727 1682 fragilitas
748 1593 948 1671 mortalitatis,
975 1649 980 1658 ,

157 1715 211 1765 aut
236 1699 363 1764 fortunae
382 1703 533 1764 mobilitas
549 1699 643 1765 tacit.
689 1702 826 1789 Quidam
848 1703 948 1779 exiis,

157 1809 210 1892 qui
217 1811 291 1870 'tunc
304 1820 435 1889 egerant,
444 1808 638 1884 decellenmt,
654 1811 777 1871 exulant
786 1809 858 1873 alii:
878 1810 951 1872 huic

114 1927 116 1930 '
158 1928 241 1990 aetas,
271 1914 302 1976 δι
324 1915 464 1977 valetudo
485 1914 633 1994 silentium
653 1913 753 1977 suasit:
778 1915 828 1976 hic
849 1912 951 1999 sponte

154 2019 319 2083 beatillrmo
333 2020 396 2081 otio
419 2017 548 2082 fruitura
573 2022 652 2083 alius
666 2020 830 2083 exercitum
853 2022 948 2105 regit:

157 2126 244 2188 illum
258 2125 397 2187 civilibus
412 2123 517 2187 officiis
526 2125 674 2209 Principis
688 2125 819 2188 amicitia
826 2128 948 2190 exemit.

158 2230 248 2295 Circa
262 2229 405 2314 nosipsos
419 2251 510 2313 quam
524 2233 621 2295 multa
632 2242 747 2293 mutata
753 2230 833 2307 sunt,
849 2231 950 2296 studiis

146 2334 361 2417 ‘proceffimuu
384 2335 485 2398 studiis
508 2336 664 2419 periclitati
690 2334 810 2400 sumus:
841 2337 952 2402 rursus·

159 2461 217 2523 que
242 2440 442 2523 proceffimus.
487 2439 668 2534 Profuerunt
692 2443 779 2504 nobis
801 2445 950 2508 bonorum

159 2545 310 2623 amicitiae,
330 2549 480 2609 bonorum
495 2541 668 2623 obfuerunt,
695 2549 862 2634 iterumque
880 2572 951 2633 pro·

158 2648 236 2713 sunt.
283 2650 314 2714 Si
328 2657 493 2735 Qcomputes
514 2655 623 2728 annos,
646 2653 790 2736 exiguum
811 2666 949 2738 tempus:

158 2756 179 2818 fi
194 2757 274 2819 vices
288 2777 400 2833 rerum,
424 2749 634 2840 aevum'putes.
679 2759 772 2844 Qrod
787 2758 880 2842 potest
895 2758 953 2821 elle

158 2864 352 2937 documento,
383 2862 459 2924 nihil
486 2861 647 2946 desperare,
676 2864 753 2929 nulli
782 2863 824 2925 rei
848 2862 950 2941 fidere,
1006 2947 1009 2951 λ

157 2987 228 3029 cum
243 2967 400 3029 videamus
425 2979 470 3030 tot
488 2951 644 3032 valletates
661 2983 724 3032 tam
740 2968 866 3033 volubili
880 2971 951 3032 orbe
