2317 3767
193 222 261 316 3⁶⁶
355 227 389 288 c'.
415 238 533 286 rem.
561 234 827 284 ninom.

286 512 337 559 1¹·
373 514 408 560 C·
428 504 580 559 mulus
608 508 746 560 (02011
776 510 845 557 SUO
869 509 897 555 sa

195 652 340 783 Umcn
354 708 461 790 probo,
476 707 556 790 qnod
568 705 704 790 Pompeii
714 700 874 788 Qiintiani
889 713 988 765 morte

193 824 257 874 tam
282 812 417 875 dolenter
439 809 580 888 afficeris,·
602 823 636 873 ut
659 810 754 874 amissi
768 809 921 872 caritatem
931 809 987 869 de-

193 916 297 979 siderio
318 917 479 979 extendas:
504 923 566 978 no'n
580 928 615 978 ut
634 916 779 999 plerique,
801 914 854 999 qui
868 924 1001 977 tantum

195 1021 330 1085 viventes
351 1032 466 1096 amant,
489 1019 538 1083 seu
553 1021 653 1104 potius
667 1042 767 1083 amare
785 1019 813 1083 se
835 1018 986 1094 simulant,

195 1148 231 1190 ae
246 1147 287 1188 ne
304 1124 443 1188 fimulant
460 1126 594 1209 qm‘dem,
620 1125 674 1188 nisi
692 1147 768 1209 quos
781 1125 918 1187 florentes
939 1124 988 1185 vi-

196 1233 278 1294 dent.
321 1229 409 1293 Nam
433 1229 608 1294 miserorum
634 1251 696 1293 non
717 1228 799 1293 secus
813 1251 847 1292 ae
860 1227 986 1292 defunc·

195 1347 297 1400 torum
309 1334 533 1398 obliviscuntur.
579 1335 637 1398 Sed
661 1336 716 1398 tibi
735 1337 872 1417 perennis
899 1335 985 1409 fides,

196 1454 335 1525 tantaque
353 1440 385 1503 in
399 1461 500 1502 amore
514 1440 686 1517 constantia,
701 1453 736 1502 ut
753 1440 845 1517 finiri,
860 1440 912 1503 nifi
933 1452 988 1502 tua

137 1556 141 1565 '
196 1556 305 1621 morte,
321 1565 382 1607 non
392 1543 486 1628 poffit.
531 1543 572 1607 Et
597 1545 756 1620 Hercules,
773 1547 798 1607 is
812 1543 870 1608 fuit
884 1546 985 1630 Quin-

195 1651 307 1727 tianus,
346 1670 437 1732 quem
465 1650 550 1731 diligi
584 1652 686 1712 deceat
717 1652 858 1733 exemplo
886 1649 984 1733 ipfius.

198 1754 312 1818 Felices
333 1756 466 1830 amabat,
490 1753 611 1817 miseros
635 1756 784 1828 tuebatur,
808 1754 988 1817 desiderabat

196 1859 327 1922 amiffos.
381 1859 453 1943 Jam
480 1860 533 1922 illa
554 1866 667 1943 quanta
694 1860 824 1941 probitas
852 1860 884 1921 in
909 1863 983 1922 orel

196 1975 308 2047 quanta
329 1963 361 2027 in
381 1963 515 2028 semme
528 1964 698 2026 cundiatio?
727 1976 820 2048 quam
834 1965 988 2048 parilibm

194 2068 337 2151 gravitas,
352 2069 550 2153 comitasque?
575 2071 655 2152 quod
669 2069 799 2131 studium
812 2070 986 2134 literamm?

195 2158 277 2257 quod
295 2164 469 2258 judicium?
495 2181 559 2257 qua
578 2174 686 2257 pietate
705 2196 775 2238 cum
796 2174 990 2240 diffimiliimd

196 2291 279 2363 putre
300 2278 432 2355 vivebat,
454 2298 525 2341 cum
543 2299 604 2341 nm
618 2279 751 2342 obstabat
775 2280 832 2357 illi,
852 2300 912 2364 quo
928 2282 987 2344 mi-

196 2402 254 2446 nus
267 2383 315 2446 vir
337 2384 470 2466 optimm
490 2383 651 2461 videretur,
677 2387 758 2468 quod
776 2399 838 2448 erat
856 2388 989 2470 optimus

196 2489 297 2552 filius?
350 2488 409 2552 Sed
436 2488 509 2572 quid
537 2490 673 2551 dolorem
706 2504 808 2557 tuum
829 2494 985 2565 exulcerol
1056 2512 1058 2515 ’
1155 2488 1156 2491 '

196 2615 370 2680 quanquam
390 2594 427 2656 fic
442 2592 545 2655 amasti
559 2595 724 2672 viventem,
749 2609 783 2658 ut
795 2597 853 2658 hoc
874 2598 985 2680 potius,

196 2696 288 2784 quam
302 2703 340 2763 de
353 2700 407 2762 illo
425 2697 501 2760 sileri
519 2698 605 2776 velis,
626 2699 645 2762 Ξ
664 2720 713 2762 me
726 2695 907 2783 praesertim:
933 2723 987 2765 cu·

191 2804 244 2888 jus
258 2805 467 2889 praedicatione
480 2815 566 2886 putas
580 2804 690 2868 'vitam-
702 2806 767 2889 ejus
782 2809 893 2885 ornari,
920 2829 987 2871 me·
