2317 3767
387 282 406 327 ι
431 283 442 328 1
469 282 488 327 a
511 284 530 327 e
556 285 577 329 n
606 214 711 328 xvir-1.
882 283 944 352 333

152 423 272 501 discere,
284 425 560 508 quidlaudandum,
572 425 644 506 quid
653 424 944 507 reprehendendume

153 530 240 593 fimul
249 531 290 592 ita
300 530 422 606 institui,
433 542 467 594 ut
474 551 579 593 verum
594 530 691 592 dicere
706 528 857 592 assuescas.
887 529 944 592 Vi·

99 646 100 651 ’
152 638 206 697 des
225 657 315 719 quem
329 635 420 719 sequi,
444 638 529 721 cujus
546 637 653 696 debeas
667 635 791 717 implere
810 635 940 718 vestigia.

154 739 186 804 O
212 753 242 803 te
266 741 407 805 beatum!
441 742 490 803 cui
504 741 629 822 contigit
642 762 737 803 unum
751 749 840 823 atque
861 741 941 804 idem

152 845 312 930 optimum,
340 847 370 909 ἃ
398 845 669 929 conjunffiffimum
691 848 861 929 exemplar:
889 848 940 931 qui

152 953 280 1034 denique
312 970 382 1012 eum
410 950 592 1032 potissimum
619 950 799 1013 imitandum
834 953 938 1029 habes,

152 1058 200 1119 cui
214 1066 321 1119 natura
341 1055 398 1117 elle
412 1067 441 1116 te
460 1055 646 1117 simillimum
661 1057 765 1117 voluit.
812 1054 900 1121 Vale.

203 1287 285 1333 xiv.
309 1285 342 1330 C.
372 1285 516 1328 PLINIUS
543 1284 724 1329 ARISTONI
759 1285 826 1330 SUO
851 1287 879 1330 S.

155 1429 266 1542 CUM
292 1475 327 1538 sis
340 1475 528 1560 peritiffimus
543 1477 573 1540 &
588 1476 695 1560 privati
712 1475 789 1560 juris
808 1476 839 1539 dc
860 1480 937 1560 pub-

151 1585 213 1658 lici,
229 1584 313 1667 cujus
327 1604 393 1665 pars
407 1582 585 1646 senatorium
600 1582 651 1659 est,
671 1583 759 1665 cupio
781 1597 860 1645 exte
881 1606 936 1666 po-

62 1741 63 1744 ,
151 1686 293 1751 tissimum
308 1688 421 1763 audire,
437 1689 597 1750 erraverim
611 1689 642 1749 in
659 1688 767 1750 Senatu
789 1688 934 1771 proxime,

151 1815 262 1857 necne:
290 1816 357 1857 anon
383 1808 416 1856 ut
440 1794 472 1855 in
501 1795 683 1877 praeteritum
708 1792 817 1877 (serum
842 1791 935 1872 enim)

150 1922 257 1967 verum
281 1915 313 1963 ut
337 1902 367 1963 in
392 1897 539 1974 futurum,
566 1897 659 1981 siquid
673 1897 766 1960 limile
788 1882 933 1975 inciderit,

58 2053 60 2055 >
149 2008 277 2069 erudiar.
323 2005 428 2081 Dices,
452 2006 513 2068 Cur
526 2004 629 2088 quaeris
643 2007 717 2087 quod
728 2005 797 2090 nff
810 2004 934 2069 debeas?

149 2112 288 2175 Priorum
311 2106 479 2194 temporum
501 2109 636 2185 servitus,
659 2123 692 2173 ut
713 2111 838 2172 aliarum
858 2112 935 2194 opti-

150 2239 270 2280 marum
284 2218 405 2293 artium,
431 2217 470 2278 fic
483 2217 574 2279 etiam
594 2217 672 2300 juris
695 2215 839 2280 Senatorii
857 2220 935 2281 obli·

149 2323 269 2385 vionem
296 2326 446 2405 quandam
482 2323 513 2386 δε
548 2322 763 2405 ignorationem
803 2324 930 2385 induxit.

149 2425 271 2511 Qrotus
289 2428 370 2488 enim
392 2426 512 2510 quisque
526 2439 589 2489 tam
603 2420 727 2510 patiens,
744 2441 778 2491 ut
791 2429 862 2490 velit
875 2427 934 2488 dis-

149 2552 215 2593 cere
229 2533 309 2614 quod
323 2533 354 2593 in
369 2532 422 2595 usu
436 2533 542 2596 nonsit
556 2533 732 2594 habiturus?
755 2533 843 2596 Adde
856 2536 935 2616 quod

149 2635 269 2698 difficile
283 2626 446 2713 esttenete,
467 2659 534 2720 quae
545 2640 701 2721 acceperis,
721 2639 773 2700 nifi
787 2659 932 2703 exerceas.

151 2742 259 2825 ltaque
280 2742 401 2803 redueia
422 2743 540 2804 libertas
551 2745 639 2806 rudes
655 2764 710 2805 nos
728 2745 758 2806 ἃ
783 2744 935 2826 imperitos

148 2847 350 2932 deprehendit,
377 2847 461 2931 cujus
485 2849 639 2911 dulcedine
665 2847 776 2911 accensi
800 2848 936 2930 cogimur

148 2956 286 3039 quaedam
300 2950 396 3016 facere
414 2964 588 3035 antequam
610 2953 701 3016 nolle.
746 2951 819 3015 Erat
833 2966 934 3016 autem
