2317 3767
396 287 664 335 srssrtr.
827 290 921 357 Ι33

131 446 162 497 te
184 431 286 495 scirem
309 429 413 516 sponte
434 427 596 508 faciurum,
623 445 657 495 ut
669 431 811 515 dignitate
834 430 923 495 aime

132 540 213 613 data,
233 558 324 620 quam
338 535 556 614 modestiffime,
573 550 607 600 ut
621 535 639 599 i
652 557 703 600 me
723 539 803 614 data,
825 551 919 601 utare.

133 644 220 709 Nam
242 641 383 707 solicitius
401 641 607 708 custodiendus
628 641 668 704 est
687 643 795 719 honor,
817 642 923 727 inquo

131 751 222 813 etiam
239 749 419 813 beneficium
433 748 522 812 amici
535 750 681 812 tuendum
694 746 745 811 est.
790 747 878 812 Vale.
909 765 913 772 ·

142 980 203 1025 XX·
240 982 274 1026 C.
303 979 451 1025 PLINIUS
479 977 589 1024 CORN.
619 977 761 1025 metro
788 978 856 1026 SUO
882 980 912 1025 S.

134 1129 346 1253 Fauorinus
369 1172 445 1234 mihl
467 1170 622 1256 disputatio
639 1171 680 1234 est
704 1194 774 1237 cum
792 1175 924 1259 quodam

133 1279 225 1343 docto
238 1278 362 1341 homine
375 1278 406 1341 &
419 1278 524 1361 perito,
550 1279 599 1341 cul
613 1278 689 1339 nihil
702 1299 786 1363 aeque
800 1280 832 1343 in
852 1299 923 1342 cau·

132 1386 168 1449 fis
188 1384 321 1468 agendis,
348 1397 381 1446 ut
400 1384 529 1447 brevitas
544 1385 658 1468 placet:
679 1404 770 1466 quarn
786 1404 842 1467 ogo
858 1381 923 1446 cus·

130 1483 305 1554 todiendam
331 1488 389 1553 effe
416 1489 568 1566 confiteor,
600 1487 622 1550 fi
649 1486 735 1551 causa
762 1488 923 1572 permittat,

132 1597 244 1680 alioqui
255 1595 457 1680 praevaricatio
467 1595 508 1657 est
520 1593 641 1657 tranfirc
659 1595 795 1659 dicenda.
842 1591 924 1657 Ρη·
948 1677 951 1682 ¹

108 1689 277 1782 ,volcatio
295 1702 396 1777 etiam,
427 1699 533 1764 cursam
558 1701 591 1765 δι
614 1701 743 1764 breviter
769 1699 924 1782 attingere,

132 1795 204 1890 quae
241 1805 294 1869 fint
329 1807 515 1883 inculcanda,
557 1805 717 1889 infigenda,
755 1807 922 1890 repetenda.

132 1911 222 1976 Nam
250 1910 394 1996 plerisque
429 1912 562 1995 longiore
590 1911 686 1974 tractu
714 1912 761 1974 vis
784 1913 923 1995 quaedam

130 2021 163 2083 δι
178 2020 294 2101 pondus
317 2018 438 2081 accedit.
485 2016 589 2101 thue
611 2018 725 2102 corpori
741 2015 866 2095 ferrum,
887 2007 925 2082 stc

130 2125 229 2187 oratio
253 2124 357 2186 animo
386 2143 448 2185 non
476 2123 539 2185 ictu
573 2124 680 2207 magis,
714 2143 807 2208 quam
840 2143 925 2188 mora

131 2228 326 2314 imprimitur.
382 2228 447 2293 ch
472 2229 524 2291 ille
551 2249 671 2292 mecum
701 2229 924 2294 auctoritatibus

126 2335 200 2418 agit,
222 2334 350 2397 acmihi
372 2336 523 2418 exgraecis
542 2336 691 2398 orationes
706 2334 803 2420 Lysroe
828 2335 924 2399 osten-

132 2439 198 2515 stat,
219 2460 257 2502 ex
275 2438 391 2518 nostris,
411 2440 621 2506 Gracchorum
636 2439 830 2526 Catonisque,
850 2461 925 2527 quo·

130 2565 205 2608 -rum
219 2543 287 2607 sane
309 2546 446 2628 plurimae
469 2544 535 2609 sunt
557 2545 738 2610 circumcisae
758 2548 789 2611 &
809 2531 925 2611 breves.

137 2649 205 2733 Ego
230 2649 327 2735 Lyfiae
354 2650 602 2728 Demosthenem,
622 2651 810 2730 AEschinem,
840 2653 925 2717 Peri·
1000 2659 1002 2664 ⁴

133 2749 400 2841 cle'm,mu1tosque
412 2769 569 2841 praeterea=
586 2757 744 2836 Gracchis,
759 2760 791 2822 ἃ
800 2755 924 2833 Catoni,

133 2861 316 2938 Pollionem,
357 2860 519 2940 Caesarem,
547 2860 692 2941 Caelium,
727 2865 759 2928 &
791 2862 926 2946 inprimis

132 2966 281 3033 Marcum
294 2965 586 3054 Tulliumoppono
608 2970 693 3055 cujus
706 2969 802 3035 oratio
815 2969 927 3053 optima

134 3070 229 3139 fertur
242 3072 312 3153 effe,
332 3095 399 3159 quae
413 3075 571 3140 maxima*
602 3074 643 3141 Et
663 3076 795 3154 hercue,
814 3089 848 3142 ut
861 3077 928 3141 aliae
