2317 3767
387 281 407 326 ι
432 281 444 331 1
470 282 489 325 n
513 281 532 325 r
557 281 578 324 re
625 277 717 326 vm.
883 276 947 344 337,

141 421 230 499 iffet,
256 419 473 486 coadiumefi'e
492 419 838 485 divideresententiam:
864 418 946 481 hunc

153 540 266 605 autem,
281 529 333 613 qui
348 528 469 591 libertos
484 542 580 591 morte
591 527 760 601 muldtaret,
785 544 856 588 cum
870 525 949 587 rele-

154 647 243 718 gante
257 634 417 697 numerari.
454 633 541 696 Nam
555 632 576 695 sr
591 630 761 717 oportuiffet
772 628 865 692 dividi
879 627 945 690 sen-

153 739 278 803 tentiam
294 740 393 815 unius,
414 739 484 823 quia
498 741 545 801 re‘s
568 741 643 801 duas
662 735 944 820 comprehendebat,

151 864 214 907 non
237 845 432 929 reperiebam,
460 844 717 928 quemadmodum
744 840 837 924 poffet
855 841 945 925 jungi

152 948 295 1015 sententia
308 951 437 1012 duorum
447 961 510 1010 tarn
522 948 636 1012 diversa
649 945 844 1010 censentium.
885 945 945 1009 At·

142 1047 213 1136 'que
228 1055 303 1116 adeo
327 1054 465 1136 permitte
479 1053 567 1128 mihi,
590 1051 628 1114 fic
642 1053 720 1136 apud
734 1065 775 1127 te,
800 1064 945 1136 tanquam

154 1157 197 1237 ibi
211 1183 232 1219 ε·
245 1158 283 1220 ste
306 1157 423 1240 penna
451 1177 494 1233 re,
521 1170 664 1241 tanquam
694 1158 792 1219 adhuc
819 1158 945 1240 integra,

155 1262 302 1325 rationem
322 1262 430 1345 judicii
465 1262 526 1324 mei
554 1262 696 1337 reddere3
724 1274 947 1344 quaequetunc

154 1369 292 1452 carptim,
320 1367 424 1447 multis
444 1365 679 1448 obstrepentibus
700 1364 774 1440 dixi,
796 1385 876 1428 nune
894 1386 947 1447 per

148 1474 250 1538 otium
259 1472 395 1556 jungere.
442 1469 607 1554 Fingamus
623 1485 683 1533 tres
697 1470 821 1532 omnino
830 1469 951 1553 judices

155 1580 188 1641 in
201 1579 279 1640 hanc
293 1574 412 1640 causam
434 1578 519 1639 datos
539 1575 615 1639 effe:
640 1575 825 1639 horumuni
846 1575 947 1657 placu-

154 1682 310 1765 iffeperire
328 1683 475 1759 libertos,
494 1682 592 1757 alteri,
608 1681 754 1764 relegari3
776 1679 875 1756 terti0,
892 1679 946 1741 ab·

155 1787 248 1851 solvi:
274 1799 375 1850 utrum
387 1808 426 1849 ne
447 1786 599 1850 sententiae
614 1788 682 1848 duae
696 1785 821 1848 >collatis
834 1783 948 1848 viribus

154 1892 341 1957 noviffimam
355 1895 513 1977 periment,
539 1913 579 1954 an
593 1890 748 1974 separatim
761 1874 948 1976 unaquaeque

154 2001 332 2062 tantundem
350 2011 498 2083 quantum
512 1999 605 2081 altera
619 1995 749 2059 valebit:
774 2016 828 2059 nec
852 1999 947 2081 magis

153 2106 261 2189 poterit
274 2126 345 2168 cum
366 2105 493 2189 secunda
511 2104 609 2188 prima
622 2101 771 2177 eonnedii,
793 2122 886 2185 quam
900 2102 944 2165 se-

36 2218 40 2223 “
154 2214 252 2275 cunda
276 2232 347 2275 cum
371 2209 481 2277 tertia?
516 2207 614 2291 Igitur
638 2208 673 2278 in
697 2207 806 2270 Senatu
828 2228 946 2292 quoque

156 2317 306 2380 numerari
319 2328 463 2401 tanquam
480 2314 642 2379 contrariae
656 2314 775 2388 debent,
796 2332 865 2395 quae
878 2325 945 2374 tan·

155 2441 247 2504 quam
268 2419 390 2484 diversae
410 2422 560 2483 dicuntur.
605 2417 735 2502 Quodfi
758 2438 836 2481 unus
858 2429 946 2501 atque

156 2524 237 2586 idem
257 2527 288 2589 δε
303 2528 467 2607 perdendos
480 2523 609 2587 censeret
622 2524 653 2587 δι
663 2524 846 2606 relegandos,
870 2543 945 2586 num

156 2650 195 2697 ex
210 2614 352 2692 sententia
367 2629 454 2692 unius
467 2629 498 2692 ἃ
517 2630 611 2712 perire
624 2627 737 2710 poffent
755 2628 786 2691 ἃ
800 2628 942 2710 relegari?

156 2733 247 2798 Num
261 2735 388 2817 denique
402 2733 526 2798 omnino
542 2754 602 2797 una
617 2732 760 2796 sententia
781 2743 943 2815 putaretur,

156 2861 225 2924 quae
238 2851 300 2902 tam
313 2836 426 2902 diversa
439 2839 653 2922 conjungeret?
676 2837 944 2922 Qremadmodum

155 2945 246 3037 igitur
258 2964 329 3008 curn
344 2945 418 3007 alter
435 2942 614 3027 puniendos,
637 2945 711 3007 alter
730 2940 845 3006 censeat
868 2944 943 3008 rele-

559 3049 592 3123 Z
