2317 3767
239 235 302 319 416
418 255 878 311 c.rr1n,r1³1srocns.

237 418 297 482 qur
311 352 428 481 publice
442 399 643 464 testimonium
662 401 871 477 retribuerunt,
893 403 974 486 quod
998 400 1030 465 in

237 504 375 567 notitiam
389 514 473 567 tuam
486 502 604 588 profero
616 527 653 571 ea
666 506 737 582 fide,
749 528 840 588 quam
855 506 909 570 nbi
920 507 1029 569 debeo,

355 733 424 776 xlx.
460 733 493 781 C.
518 734 663 779 PLINIUS
688 735 746 779 Ta.
774 735 853 778 lMP.
876 735 905 777 S.

240 875 523 988 Nummorum
545 924 681 1008 Lupum,
716 925 863 1000 Domine,
890 925 1028 1008 primipi-

239 1028 344 1105 larem,
361 1029 600 1092 commilitonem
613 1032 718 1106 habui,
732 1050 802 1092 cum
817 1028 876 1111 ipse
891 1030 1029 1092 tribunus

238 1132 339 1208 effen,
363 1133 413 1195 ille
427 1131 595 1216 praefesius,
619 1135 687 1196 inde
702 1132 888 1196 familiariter
906 1134 1029 1216 diligere

238 1237 331 1320 coepi..
366 1237 473 1301 Crevit
486 1238 584 1321 postea
596 1240 702 1301 caritas
723 1239 783 1322 ipsa
805 1252 918 1302 mutuae
941 1253 1028 1302 vetu-

239 1343 309 1407 state
323 1343 473 1407 amicitiae.
503 1342 609 1426 Itaque
621 1345 653 1407 ὰ
673 1344 765 1426 quieti
779 1344 842 1427 ejus
857 1343 945 1427 injeci
960 1365 1027 1405 ma-

239 1469 327 1524 num,
350 1448 381 1511 δι
405 1447 489 1529 exegi
511 1459 545 1509 ut
567 1469 617 1510 me
638 1450 670 1510 in
690 1428 831 1532 Bithynia
844 1448 966 1511 consilio
979 1449 1027 1510 in·

238 1552 371 1628 strueret,
393 1553 473 1635 quod
495 1551 546 1615 ille
563 1553 748 1629 ammissum,
771 1554 802 1616 &
815 1553 869 1615 otii
882 1554 914 1616 &
927 1552 1027 1615 senec-

239 1658 310 1720 tutis
325 1656 437 1719 ratione
451 1655 615 1738 postposita,
633 1660 663 1720 &
672 1659 739 1741 jam
751 1655 833 1733 fecit,
848 1658 879 1721 &
892 1654 1028 1719 fassurus

237 1761 289 1825 est.
330 1760 453 1845 Quibus
468 1781 506 1822 ex
519 1761 611 1823 causis
625 1762 846 1825 necessitudines
868 1763 932 1846 ejus
953 1763 1029 1824 inter

237 1887 320 1928 meas
337 1886 477 1941 numero,
498 1867 529 1929 &
541 1865 639 1930 filiurn
653 1868 788 1950 inprimis
802 1867 1027 1952 Nymphidium

216 1997 218 2001 ·
239 1968 375 2053 Lupum,
385 1970 530 2054 juvenem
545 1973 685 2054 probum,
701 1972 887 2048 industrium,
899 1974 930 2035 ἃ
944 1993 1027 2054 egre.-

212 2108 215 2115 f
237 2076 288 2160 gio
302 2088 384 2159 patre
398 2074 611 2157 dignissrrnum‚
627 2075 820 2140 suffesiururn
834 2078 1028 2159 indulgentiae

239 2194 309 2255 tuae,
329 2179 399 2242 sicut
413 2181 518 2261 primis
538 2180 602 2264 ejus
623 2182 831 2264 experimentis
853 2181 1027 2265 cognoscere

238 2297 333 2371 potes,
356 2303 426 2346 cum
445 2282 603 2366 praesosius
614 2286 744 2348 cohortis
758 2287 1028 2370 plenishmmntes·

239 2389 399 2454 timonium
411 2390 552 2453 meruerit
565 2389 639 2472 Julii
656 2390 787 2467 Ferocis,
802 2393 833 2454 &
849 2391 934 2455 Fusci
950 2392 1026 2454 Sali-

240 2495 350 2561 natoris
359 2493 581 2557 clarissimorum
591 2494 734 2558 virorum.
763 2496 875 2559 Meum
883 2497 1027 2579 gaudium

241 2599 386 2674 Domine,
396 2619 464 2661 mea
473 2599 631 2682 gratulatio
638 2599 691 2663 silii
702 2600 815 2665 honore
825 2602 1025 2671 continuetur,
