2317 3767
302 259 306 267 ’
431 284 701 335 nrnrnx.
890 270 951 347 407

158 430 227 494 filio
239 429 381 494 codicillis
399 432 437 493 ad
446 498 449 502 ,
459 442 573 514 patrem
587 430 683 491 'tuum
698 423 811 508 scriptis
829 420 953 509 profetia

161 532 272 611 iuerat,
292 537 425 599 nondum
445 535 513 598 satis
534 534 667 618 legitime
679 542 847 618 peregerat:
871 530 951 612 quod

158 639 260 724 postea
272 637 343 703 fecit
357 641 509 704 admonita
523 642 541 703 ai
554 640 652 702 nobis.
695 638 783 701 Nam
796 638 827 700 &
842 632 952 697 fundos

161 745 372 830 emancipavit,
393 747 424 810 &
443 759 549 809 caetera
573 766 643 828 quae
663 745 694 807 in
716 741 951 825 emancipatione
1052 732 1053 735 ¹

39 936 42 940 .
165 849 316 932 implenda
346 850 440 914 solent
464 850 553 933 exigi,
587 849 815 912 consummavit.
867 845 952 911 Cum

162 951 196 1016 stt
213 975 283 1037 ergo
304 955 424 1018 finitum
445 956 527 1040 quod
550 952 613 1037 spes
635 953 746 1017 nostras
767 955 950 1028 morabatur,

165 1080 227 1121 non
241 1058 301 1121 fine
321 1080 429 1143 magna
439 1059 548 1122 fiducia
560 1057 703 1141 subfigno.
748 1057 848 1142 Auget
862 1058 952 1119 fidem

163 1183 218 1246 pto
246 1163 380 1226 moribus
408 1163 637 1237 Romani'mei‚
667 1165 795 1247 quos&
820 1163 953 1226 liberalia

164 1267 257 1330 studia
282 1281 437 1344 exornant,
465 1270 496 1332 &
522 1268 632 1330 eximia
652 1269 757 1351 pietas,
783 1289 851 1351 quae
875 1268 953 1330 hanc

166 1370 258 1455 ipsam
272 1371 375 1435 matris
389 1373 607 1448 liberalitatem,
628 1359 659 1436 &
675 1372 771 1435 statim
786 1373 876 1456 patris
889 1372 953 1434 hae·

165 1477 331 1553 reditatcm,
350 1478 585 1561 &adoptionem
600 1475 618 1541 ὲ
638 1477 743 1540 vitrico
758 1477 877 1552 meruit,
899 1497 953 1539 au-

162 1593 213 1663 get
231 1582 340 1646 haec&
362 1584 507 1647 natalium
520 1584 551 1646 &
569 1597 759 1666 paternarum
778 1580 954 1646 facultatum

162 1683 309 1768 splendor,
335 1687 446 1770 quibus'
466 1684 587 1770 smgulic
606 1687 738 1751 multum
759 1688 953 1751 commenda-

165 1790 256 1854 tionis
277 1791 469 1867 accessurum,
496 1792 587 1856 etiam
608 1814 647 1855 cx
661 1792 736 1855 meis
757 1793 892 1875 precibus
906 1793 953 1854 in·

164 1898 325 1981 dulgentiae
353 1909 413 1959 tuae
441 1898 539 1959 credo.
590 1896 678 1980 Rogo
699 1918 781 1980 ergo,
806 1897 952 1973 Domine,

163 2013 197 2065 ut
219 2022 269 2065 me
289 2000 513 2086 exoptatiflimae
536 2001 613 2065 mihi
641 2001 844 2085 gratulationis
869 2022 952 2063 com-

163 2121 264 2190 potem
286 2103 390 2183 facias,
409 2108 440 2170 δι
461 2104 590 2170 honestis
611 2108 659 2189 (ut
680 2103 773 2190 spero)
795 2104 953 2170 affectibus

163 2213 238 2275 meis
252 2211 380 2296 praestes,
407 2227 442 2276 ut
463 2233 525 2274 non
539 2212 570 2274 in
586 2231 634 2273 me
649 2223 778 2290 tantum,
803 2232 907 2277 verum
920 2214 951 2276 ἀ

164 2317 196 2379 in
209 2317 306 2379 amico
316 2318 434 2400 gloriari
444 2317 565 2403 judiciis
579 2317 639 2380 tuis
654 2315 769 2400 poffim.

227 2546 230 2550 ⁴
283 2545 337 2590 tv.
367 2547 401 2592 c.
427 2525 582 2593 ruimus
606 2548 666 2592 an.
691 2546 777 2592 rur.
796 2548 824 2591 s.

167 2693 357 2804 Paoxnto
373 2755 464 2812 anno,
489 2737 636 2815 Domine,
658 2737 826 2821 graviffima
840 2740 954 2802 valetu-

165 2844 235 2908 dine
252 2839 394 2925 usquead
416 2840 581 2926 periculum
603 2842 674 2904 iitae
698 2854 833 2919 vexatus,
852 2834 954 2906 'latra-

165 2948 258 3033 liptcn
268 2944 423 3029 adsumpfi,
438 2945 524 3030 cujus
534 2944 713 3009 solicitudini
725 2946 758 3009 ἃ
770 2945 877 3023 studio,
894 2962 955 3012 tuae

534 3050 646 3128 Dd4
