2317 3767
228 257 292 328 394
386 261 420 309 c.
445 262 561 308 reru.
587 263 850 312 arisi-otuu.

226 403 318 466 etiam
333 402 517 489 impersedlae
529 405 717 471 liberalitatis
730 407 898 490 exemplar:
923 426 959 469 ea
973 407 1021 470 in-

226 507 298 571 vafit
316 510 454 574 homines
469 512 601 576 habendi
614 514 734 596 cupido,
759 524 793 577 ut
806 511 942 599 poffideri
955 534 1023 577 ma-

225 614 271 696 gis
285 635 377 699 quam
390 616 531 700 poffrdere
545 618 712 687 videantur.

308 846 411 895 XXXI.
444 846 477 891 C·
502 848 650 892 PLINIUS
674 848 794 894 SARDO
818 849 885 895 SUO
904 849 934 894 8.

227 994 271 1106 P
271 1055 449 1117 oermM
474 1041 493 1103 a
515 1051 544 1102 te
568 1039 677 1116 recessr,
703 1063 764 1104 non
789 1041 892 1104 minus
917 1051 1017 1103 tecum

224 1166 317 1230 quam
345 1165 416 1207 cum
441 1146 520 1228 apud
538 1156 568 1206 te
590 1143 646 1208 fui.
693 1146 769 1230 Legi
797 1145 880 1209 enim
905 1145 1017 1207 librum

224 1264 323 1325 tuum,
339 1250 501 1319 identidem
512 1262 646 1334 repetens
657 1273 692 1314 ea
703 1252 835 1314 maxime
851 1249 1017 1334 (nonenim

224 1352 363 1436 mentiar)
378 1378 447 1441 quae
459 1358 496 1419 de
510 1377 560 1419 me
573 1355 714 1440 scripsisti,
731 1359 763 1420 in
776 1359 884 1443 quibus
894 1359 1018 1442 quidem

222 1458 407 1548 percopiosus
433 1459 530 1526 fuisti:
560 1483 652 1546 quam
678 1464 786 1540 multa,
815 1485 907 1547 quam
922 1464 1015 1539 varia,

224 1589 316 1651 quam
330 1589 392 1630 non
406 1570 512 1631 eadem
526 1571 563 1632 de
573 1569 691 1644 eodem,
707 1588 763 1630 nec
776 1581 879 1632 tamen
890 1568 1014 1646 diversa,

223 1674 339 1737 dixisti?
365 1673 504 1738 Laudem
519 1674 672 1757 pariter&
685 1675 794 1758 gratias
807 1674 914 1757 agam?
938 1695 1014 1739 neu·

222 1794 304 1844 trum
329 1779 396 1844 satis
424 1780 559 1864 possum:
586 1779 641 1847 ,etsr
667 1779 790 1865 possem,
816 1781 953 1842 timerem
975 1801 1015 1845 ne

222 1908 362 1970 arrogans
374 1887 458 1964 effer,
485 1888 525 1951 ob
549 1909 586 1949 ea
605 1888 738 1963 laudare,
757 1888 797 1950 ob
815 1907 884 1970 quae
904 1886 1013 1969 gratiae

221 2013 351 2075 agerem.
403 1994 511 2057 Unum
546 1993 623 2056 illud
653 1994 775 2069 addam,
806 1993 909 2054 omnia
937 1991 1014 2053 mihi

221 2109 305 2160 tanto
315 2099 510 2161 laudabiliora
521 2097 592 2174 visa,
611 2112 723 2182 quanto
730 2098 927 2183 jucundiora:
944 2109 1011 2159 tan-
1057 2167 1064 2173 ,

221 2214 253 2265 to
259 2202 450 2287 jucundiora,
466 2216 580 2288 quanto
590 2203 785 2266 laudabiliora
798 2215 890 2266 erant.
920 2200 1009 2265 Vale.

283 2431 388 2477 XXXll.
413 2433 447 2479 C.
467 2434 614 2478 PLlNlUS
637 2432 795 2479 'rlrrauo
820 2431 888 2477 SUO
911 2432 941 2476 S.

224 2583 351 2714 Quin
363 2626 445 2710 agis?
458 2627 530 2709 quid
542 2625 662 2690 aelurus
673 2628 722 2690 es?
731 2624 790 2709 ipse
801 2625 1013 2709 vitamjucun·

220 2731 379 2808 diffunam,
397 2730 481 2795 idest
498 2730 697 2795 otiosissimam
712 2732 794 2795 vivo.
840 2731 914 2816 Quo
928 2730 963 2794 fir
977 2744 1012 2795 ut

219 2836 343 2901 scribere
356 2838 504 2922 longiores
516 2836 649 2920 epistolas
663 2837 770 2912 nolim,
788 2837 880 2900 velim
894 2839 1009 2921 legere:

219 2942 293 3005 illud
307 2956 450 3027 tanquam
469 2943 623 3020 delicatus,
646 2942 703 3005 hoc
725 2954 867 3026 tanquam
881 2942 1004 3007 otiosus.
