2317 3767
346 265 675 313 struerem.
794 272 804 284 ¹·
899 244 961 330 381'

235 530 313 578 XXI.
339 533 371 579 C·
391 527 760 579 P·L1N1US·sA131N1ANo
778 530 846 578 SUO
870 532 898 575 S.

176 681 381 795 Lrurrrus
404 739 485 804 tuus,
515 726 563 790 cui
589 723 753 789 succensere
775 737 805 786 te
833 725 960 799 dixeras,

173 833 255 894 venit
269 835 306 894 ad
320 853 381 907 me,
411 831 623 916 advolutusque
648 831 774 914 pedibus
794 830 868 893 meis
893 841 963 895 tun·v

128 987 131 997 .
170 951 261 1022 quam
273 937 331 999 tuis
344 936 441 998 haefit:
459 935 541 998 flevit
552 937 694 1013 multum,
707 938 897 1019 multumque
907 951 960 997 'ro-

171 1040 265 1124 gavit,
276 1043 407 1103 multum
418 1041 507 1102 etiam
519 1042 626 1103 tacuit:
643 1040 674 1102 in
684 1038 811 1116 summa,
821 1038 892 1104 fecit
902 1040 961 1103 mi-

171 1147 204 1208 hi
219 1145 309 1208 fidem
324 1146 518 1228 poenitentiae.
558 1144 636 1207 Vere
649 1149 736 1208 credo
755 1142 959 1223 emendatum,
1004 1186 1007 1191 ›

170 1251 242 1335 quia
266 1250 417 1334 deliquisse
440 1248 537 1313 sentit.
583 1250 730 1326 Irasceris,
753 1249 823 1327 scio,
845 1251 876 1314 &
889 1249 959 1313 iras-

72 1354 74 1358 ’
133 1424 135 1428 ,
170 1358 244 1420 ceris
259 1357 376 1433 merito,
400 1356 429 1418 id
447 1377 565 1440 quoque
587 1352 659 1418 scio:
687 1354 734 1417 sed
761 1369 834 1419 tunc
855 1357 959 1438 praeei-

169 1478 229 1546 pua
237 1460 470 1524 mansuetudinis
481 1463 545 1524 laus
559 1483 629 1524 cum
643 1461 696 1522 irae
709 1459 959 1544 causajustiffima

168 1566 219 1628 est.
264 1565 380 1628 Amasti
402 1567 567 1644 hominem,
591 1565 727 1650 &spero
750 1566 883 1629 amabis:
911 1566 958 1628 in-

170 1672 257 1734 terim
272 1669 375 1733 sufficit
394 1683 428 1733 ut
446 1673 560 1734 exorari
579 1685 609 1733 te
630 1672 715 1735 sinas.
761 1671 879 1735 Licebit
891 1692 958 1734 rur·

169 1775 217 1839 sus
242 1774 551 1851 irasci‚s1meruerit:
577 1779 657 1861 quod
681 1791 820 1840 exoratus
838 1769 959 1839 excusar-

167 1882 228 1943 tius
241 1876 342 1943 facies.
387 1880 519 1944 Remitte
544 1882 655 1966 aliquid
683 1877 883 1946 adolescentiae
910 1882 965 1965 ip*

167 1986 236 2064 s1us,
251 1986 369 2057 remitte
382 1981 532 2070 lacrymis,
545 1987 662 2049 remitte
672 1987 863 2070 indulgentiae
875 1999 935 2053 tuae
945 1998 966 2050 τ’

166 2112 204 2155 ne
219 2090 334 2154 torseris
349 2091 447 2166 illum,
464 2112 502 2153 ne
516 2090 631 2154 torseris
645 2092 736 2154 etiam
749 2106 790 2155 te.
811 2091 972 2178 Totque·-

166 2180 207 2260 ris
226 2198 307 2259 enim
328 2217 398 2260 cum
423 2208 486 2258 tam
509 2197 584 2259 lenis
599 2195 737 2260 irasceris.
783 2196 898 2261 Vereor
917 2200 965 2262 ne'

166 2303 267 2365 videar
281 2325 341 2365 non
353 2308 469 2385 rogare,
493 2299 540 2366 sed
562 2323 677 2385 cogere,
702 2301 873 2388 fipreeibus
891 2303 957 2386 ejus

167 2426 249 2471 meas
266 2408 405 2490 junxero.
442 2408 581 2490 Jungam
603 2421 704 2470 tamen
728 2418 814 2470 tanto
840 2407 956 2489 plenius

166 2510 197 2573 &
225 2508 355 2586 effufius,
390 2525 502 2596 quanto
526 2511 622 2596 ipsum
650 2512 746 2575 acrius
773 2510 956 2596 severiusque

167 2616 306 2699 corripui,
322 2614 449 2678 distrieie
470 2618 601 2683 minatus
617 2637 772 2699 nunquam
786 2637 836 2679 me
858 2617 956 2700 postea

166 2730 352 2802 rogaturum.
395 2718 465 2785 Hoc
478 2722 533 2797 illi,
560 2740 650 2805 quem
667 2722 770 2784 terreri
790 2724 963 2805 oportebat,

162 2826 222 2889 'tibi
240 2847 302 2887 non
315 2825 415 2888 idem.
460 2824 545 2889 Nam
566 2823 684 2889 sortasse
708 2828 817 2891 iterum
831 2829 953 2909 rogabo,
1058 2811 1060 2816 ⁵
