2317 3767
405 283 598 330 crure
643 284 714 330 ιιι.
886 282 945 349 ¹23

149 425 223 491 fuit.
269 424 374 489 Multa
395 423 543 490 referebat
564 427 640 489 aviae
661 424 721 488 suae
745 445 807 489 non
830 423 947 489 minora

150 536 223 607 hoc,
243 532 291 594 sed
302 531 488 596 obscuriora:
512 552 580 616 quae
591 532 647 594 tibi
661 530 796 594 existimo
809 543 871 594 tam
885 529 945 592 mi-

152 639 260 701 rabilia
270 637 379 720 legenti
390 635 466 712 fore,
478 658 569 722 quam
580 637 657 700 mihi
668 636 800 701 audienti
811 629 942 701 fuerunt.

151 743 334 826 ‹AEgrotabat
368 741 516 807 Caecinna
555 743 667 818 Paetus,
709 740 833 805 maritus
867 741 942 826 ejus.
1034 753 1041 764 '

153 850 334 932 AEgrotabat
346 850 378 912 bc
399 849 493 926 iilius,
515 860 643 931 uturque
668 845 832 924 mortifere,
852 861 885 911 ut
897 850 945 912 vi·

152 955 288 1018 debatur.
336 954 431 1017 Filius
453 951 569 1016 deceffrt
587 953 696 1017 eximia
711 953 942 1036 pulchritudine,

149 1062 214 1143 pari
239 1062 427 1136 verecundia,
450 1061 481 1123 dc
505 1060 676 1143 parentibus
697 1081 759 1124 non
778 1062 880 1126 minue
902 1062 943 1125 ob

153 1166 213 1228 alia
227 1167 346 1241 charus,
367 1187 458 1250 quam
479 1168 560 1250 quod
572 1164 653 1228 filius
675 1180 747 1230 erat.
791 1166 874 1230 Huic
892 1167 944 1230 illa

150 1275 194 1336 ita
207 1269 301 1335 funus
315 1274 439 1355 paravit,
455 1273 496 1334 ita
509 1273 598 1335 duxit<
608 1273 756 1355 exequias,
780 1285 814 1335 ut
825 1273 943 1355 ignora-

152 1392 198 1440 ret
220 1378 356 1442 maritus.
390 1378 593 1462 'Quinimmo
624 1379 742 1462 quoties
773 1379 944 1442 cubiculum

151 1483 217 1566 ejus
228 1484 364 1561 intraret,
379 1484 479 1547 vivere
493 1483 591 1546 filium
606 1498 695 1567 atque
709 1483 799 1547 etiam
808 1504 945 1548 commo·

153 1590 270 1651 diorem
295 1589 352 1652 elie
375 1589 543 1652 simulabat.
587 1587 636 1652 Ac
664 1586 791 1674 persaepe
818 1590 944 1653 interro·

150 1697 252 1777 'ganti,
274 1696 342 1779 quid
354 1710 450 1780 ageret
466 1712 551 1781 puer,
573 1694 776 1781 respondebat,
791 1696 869 1761 Bene
878 1696 943 1782 qui·

152 1799 227 1875 evit,
250 1800 367 1863 libenter
384 1801 475 1866 cibum
490 1800 621 1887 sumpſst.
666 1801 786 1867 Deinde
799 1823 870 1866 cum
891 1804 944 1867 diu

151 1904 294 1968 cohibitae
314 1908 452 1991 lacrymae
477 1910 629 1971 vincerent
650 1921 943 1994 prorumperentque,

151 2012 366 2094 egrediebatur.
393 2013 488 2076 Tunc
501 2012 531 2077 se
538 2015 634 2077 dolori
647 2006 755 2077 dabat:
776 2013 878 2078 satiata
890 2015 944 2080 fic·

153 2119 195 2180 cis
209 2119 316 2194 oculis,
338 2119 499 2203 composito
511 2121 599 2184 vultu
613 2122 728 2184 redibat
740 2133 882 2206 tanquam
894 2144 946 2187 or·

152 2224 279 2288 bitatem
303 2222 376 2288 foris
400 2225 569 2310 reliquisset.
622 2224 804 2291 Praeclarum
823 2229 945 2315 quidem

154 2330 230 2393 illud
244 2328 386 2415 ejusdem,
409 2328 523 2394 sermm
539 2331 689 2416 stringere,
711 2330 864 2417 perfodere
876 2355 945 2419 pec-

156 2448 219 2512 tus,
240 2436 393 2499 extrahere
404 2438 577 2521 pugionem,
594 2440 742 2523 porrigere
758 2442 876 2518 marito,
891 2442 946 2504 ad.

152 2542 226 2603 dere
257 2563 363 2605 vocem
400 2544 602 2607 immortalem
635 2565 669 2608 ac
698 2568 773 2630 pene
797 2547 942 2625 divinam,

155 2646 237 2711 Paete
251 2672 304 2712 non
317 2650 400 2713 dolet.
446 2650 504 2714 Sed
523 2662 625 2714 tamen
644 2651 696 2715 ina
709 2650 829 2740 facienti
844 2653 945 2716 dicen·

153 2752 243 2836 tique
252 2755 347 2838 gloria
360 2756 391 2819 δι
405 2758 552 2819 aeternitas
567 2769 636 2819 ante
646 2758 748 2823 oculos
764 2770 863 2821 erant:
885 2778 947 2842 quo
1014 2821 1019 2828 ,

155 2859 255 2943 majus
268 2860 309 2923 est
327 2860 387 2925 sme
401 2863 526 2947 praemio
539 2864 724 2940 aeternitatis,
744 2864 804 2932 fine
822 2862 948 2946 praemio

156 2966 261 3048 gloriae
274 2967 383 3029 abdere
405 2969 562 3055 lacrymas,
586 2970 699 3053 operire
712 2969 841 3047 lucium,
855 2967 945 3033 amis·
