2317 3767
185 430 228 499 C.
272 428 526 495 PLINII
581 428 902 497 CAECILII

411 615 691 661 SECUNDI

154 760 930 842 nutsuouuuuu

290 973 454 1019 LIBER
499 976 799 1021 SECUNDUS.

194 1144 224 1187 1.
259 1142 293 1186 C·
323 1143 469 1186 PLINIUS
498 1144 686 1189 SECUNDUS
713 1143 880 1190 voconlo

392 1248 550 1295 ROMANO
575 1249 641 1293 SUO
670 1251 698 1293 S.

152 1352 263 1461 posu
280 1398 393 1482 aliquot
405 1419 499 1461 annos
514 1398 636 1481 infigne,
660 1411 747 1480 atque
762 1399 852 1459 etiam
875 1417 940 1461 me·

148 1504 294 1566 motabile
308 1504 409 1587 populi
424 1502 555 1566 Romani
570 1505 664 1567 oculis
675 1501 874 1587 speUaculum
887 1522 940 1564 ex·
1030 1579 1032 1582 v

151 1607 250 1670 hibuit
274 1610 427 1691 publicum
448 1606 540 1672 funus
560 1608 688 1691 Virginii
705 1607 789 1684 Rufi,
816 1606 940 1670 maximi

153 1713 341 1778 &clarissimi
355 1715 440 1790 civis,
456 1715 486 1777 δι
500 1715 620 1798 perinde
633 1712 753 1777 foelicis.
798 1711 942 1796 Triginta

153 1821 239 1882 annis
264 1822 364 1903 gloriae
382 1821 441 1883 suae
464 1821 633 1903 supervixit.
678 1819 768 1904 Legit
788 1819 891 1905 scripta
904 1823 941 1883 de

152 1925 180 1989 se
205 1927 348 2001 carmina,
376 1927 447 2008 legit
472 1925 616 2003 historias,
643 1927 673 1989 ἃ
698 1926 855 2009 posteritati
882 1923 943 1989 suae

151 2029 298 2093 interfuit.
318 2073 320 2078 ,
343 2029 522 2094 Perfuntius
544 2032 585 2094 est
609 2032 696 2094 tertio
718 2030 883 2108 consulatu,
908 2045 943 2095 ut

152 2136 306 2200 summurn
328 2133 477 2219 fastigium
505 2138 612 2220 privati
634 2138 766 2200 hominis
794 2138 941 2221 impleret,

154 2264 223 2305 cum
245 2242 385 2327 principis
409 2242 557 2306 noluiiiet.
596 2241 740 2319 Caesares,
762 2244 870 2327 quibus
883 2241 943 2305 sus·

154 2350 269 2432 penius,
296 2362 384 2431 atque
406 2348 497 2410 etiam
519 2346 629 2411 invisus
651 2349 809 2412 virtutibus
834 2345 942 2424 fuerat,

157 2454 266 2516 evasit:
303 2453 421 2537 reliquit
457 2454 639 2516 incolumem
676 2456 824 2537 optimum
855 2467 948 2539 atque

157 2558 375 2633 amicissimum,
404 2571 547 2643 tanquam
566 2560 605 2620 ad
626 2559 707 2621 hunc
729 2558 824 2643 ipsum
847 2560 944 2623 hono·

157 2686 222 2727 rem
247 2664 357 2749 publici
381 2660 494 2726 funeris
517 2664 688 2728 reservatus.
733 2663 860 2727 Annum
885 2677 944 2727 ter·

156 2771 234 2832 tium
259 2772 289 2833 &
302 2769 514 2851 ouogefimum
535 2769 651 2833 exceffit
669 2771 701 2833 in
714 2768 851 2832 altissima
864 2781 945 2830 tran-

156 2876 314 2961 quillitate,
350 2876 412 2958 pari
439 2876 637 2938 veneratione.
688 2874 769 2940 Usus
794 2872 834 2936 est
858 2871 946 2937 firma

154 2980 341 3054 valetudine,
357 2979 410 3042 nisi
421 2983 501 3065 quod
510 2980 643 3046 solebant
653 2982 681 3044 ei
692 3001 799 3045 manus
807 2992 943 3058 tremere,
