2317 3767
245 271 308 359 396
407 294 441 340 c.
465 274 584 342 reru,
610 297 876 348 arist-oran.

239 435 396 517 deponere,
423 436 532 500 iterum
553 437 662 518 subire,
688 443 943 529 trepidantemque
960 467 1032 530 per·

239 535 326 616 serre,
356 541 487 623 primum
501 545 533 606 in
548 547 654 622 altum,
679 568 751 611 mox
770 549 864 613 flestit
884 553 922 613 ad
943 552 1029 629 litus,

238 645 391 730 redditque
405 659 501 726 terrae,
521 650 552 713 ἃ
566 653 741 734 aequalibus.
786 654 883 738 Serpit
895 676 948 740 per
962 655 1031 721 Co-

238 749 350 812 loniam
367 748 468 816 fama:
492 775 665 819 concurrere
690 779 806 837 omnes,
836 759 931 844 ipsum
952 781 1030 844 pue·

237 873 306 914 rum
326 868 467 940 tanquam
483 859 661 925 miraculum
675 862 811 946 aspicere,
834 866 1028 948 interrogare,

237 961 351 1037 audire,
387 983 515 1026 narrare.
566 963 686 1030 Postero
711 969 758 1030 die
783 969 916 1032 obfident
942 971 1029 1047 litus,

236 1063 420 1148 prospediant
442 1090 543 1132 mare:
566 1070 637 1134 &si
660 1073 731 1157 quid
754 1073 794 1135 est
815 1076 892 1137 mari
911 1074 1025 1138 srmile:

236 1183 340 1234 natant
349 1173 444 1255 pueri,
462 1175 538 1237 inter
556 1176 612 1239 hos
627 1177 695 1292 meg
712 1176 760 1240 sed
773 1180 900 1243 cautius.
945 1180 1026 1244 Del-

232 1277 345 1360 phinus
370 1277 468 1342 rursus
491 1282 528 1343 ad
552 1293 683 1364 tempus,
712 1281 810 1347 rursus
834 1285 873 1346 ad
897 1304 1026 1367 puerum

235 1383 328 1446 venit.
362 1383 451 1468 Fugit
462 1387 512 1448 ille
525 1406 596 1449 cum
609 1388 733 1450 caeteris.
766 1388 938 1471 Delphinus
948 1410 1026 1471 qua-

233 1486 255 1550 fi
280 1489 396 1567 invitet,
422 1504 550 1569 revocet,
571 1493 666 1569 exilit,
694 1494 847 1576 mergitur,
871 1492 1027 1579 variosque

231 1596 318 1658 orbes
339 1596 506 1681 implicitat,
527 1598 713 1681 expeditque.
758 1597 827 1661 Hoc
846 1599 938 1660 altero
960 1601 1022 1678 die,

231 1701 290 1764 hoo
304 1700 401 1778 tertio,
424 1703 482 1765 hoc
496 1703 642 1787 pluribus,
663 1706 757 1767 donec
777 1704 915 1766 homines
929 1706 1022 1781 innu-

230 1807 315 1869 tritos
329 1809 405 1871 mari
419 1806 528 1871 subiret
541 1809 667 1872 timendi
681 1810 788 1893 pudor,
811 1810 964 1886 accedunt,
987 1810 1021 1873 de

230 1912 379 1988 alludunt,
400 1915 431 1978 δι
445 1915 605 1997 appellant,
629 1926 755 1997 tangunt
768 1914 871 1990 etiam,
891 1926 1020 1997 pertrec-

228 2029 350 2101 tantque
379 2021 572 2102 praebentem.
618 2018 732 2085 Crescit
756 2018 879 2083 audacia
903 2020 1020 2102 experi-

229 2137 342 2195 mento.
380 2124 520 2188 Maxime
533 2146 607 2207 puer
620 2125 672 2208 qui
686 2125 800 2208 primus
814 2135 949 2208 expertus
963 2122 1018 2199 est,

227 2229 359 2304 adnatat,
386 2230 500 2292 natanti
515 2230 604 2292 infilit
622 2241 722 2313 tergor
746 2226 851 2306 fertur,
874 2226 1017 2291 refertur-

226 2331 303 2416 que:
323 2333 437 2416 agnosci
452 2332 492 2411 se,
506 2336 601 2398 amari
614 2347 710 2420 putat,
722 2347 803 2397 amat
814 2332 889 2418 ipse:
911 2349 1019 2397 neuter

225 2438 322 2514 timet,
347 2451 451 2502 neuter
471 2441 604 2503 timetur.
648 2439 751 2525 Hujus
775 2439 896 2515 fiducia,
926 2459 1016 2501 man-

223 2543 349 2615 suetudo
359 2546 439 2608 illiue
452 2558 593 2628 augetur:
610 2567 726 2609 necnon
740 2546 789 2609 alii
803 2544 887 2626 pueri
897 2545 1014 2620 dextra,

224 2650 358 2736 laevaque
388 2651 475 2714 srmul
497 2665 570 2714 eunt
594 2651 756 2727 hortantes,
788 2647 1012 2733 monentesque.

226 2753 296 2820 Ibat
318 2778 377 2819 una
398 2757 442 2840 (id
464 2777 582 2841 quoque
597 2753 721 2834 mirum)
745 2756 916 2838 Delphinus
938 2755 1015 2837 alius

223 2872 342 2923 tantum
356 2859 498 2945 spediator
507 2863 538 2925 ἃ
552 2883 663 2924 comes.
706 2860 799 2925 Nihil
812 2861 893 2922 enim
906 2858 1013 2935 srmile,

161 2979 164 2989 ’
223 2978 274 3028 aut
288 2963 426 3042 faciebat,
445 2979 500 3029 aut
514 2967 699 3051 patiebatur:
719 2966 768 3030 sed
782 2968 910 3030 alterum
923 2966 1013 3030 illum
