2317 3767
208 275 270 344 250
369 275 403 320 C·
429 274 543 319 utu.
573 273 836 320 sl’lssotnn.

206 374 309 478 sabant
321 415 535 498 trepidantibus
558 416 656 478 adhuc
680 415 774 479 oculis
790 428 905 480 mutata
929 437 998 482 om·

206 521 268 597 nia,
306 520 425 604 altoque
453 521 551 583 cinere
581 533 725 604 tanquam
755 520 826 583 nive
852 523 993 585 obdusla.

206 624 337 707 Regressi
346 623 513 713 Misenum,
525 626 634 688 curatis
648 638 798 708 utcunque
813 627 996 708 corporibus,

99 817 101 821 ¹
205 728 370 814 suspensam
381 731 562 814 dubiamque
576 729 708 806 nossem,
723 727 772 812 spe
786 749 820 792 ac
834 742 917 794 metu
927 752 997 793 exe·

205 833 324 916 gimus:
361 847 458 902 metus
483 835 674 919 praevalebat.
725 833 813 897 Nam
833 837 864 899 ὅ(
886 847 997 899 tremor

206 955 291 1001 terrae
310 939 522 1023 perseverabat,
543 941 574 1003 &
595 940 727 1023 plerique
743 940 889 1023 lymphati
911 942 997 1003 terri-

203 1043 268 1107 ficis
282 1045 553 1120 vaticinationibus,
578 1046 609 1108 &
624 1044 720 1107 sua&
737 1044 833 1106 aliena
855 1047 935 1107 mala
948 1046 996 1106 lu-

207 1150 414 1213 dificabantur.
458 1149 559 1213 Nobis
586 1146 687 1212 tamen
709 1169 747 1212 ne
770 1161 842 1211 tuuc
863 1149 996 1232 quidem,

208 1277 379 1340 quanquam
393 1257 423 1320 &
437 1257 563 1339 expertis
583 1255 759 1339 periculum,
783 1255 814 1316 δι
828 1252 998 1336 exspesian·

208 1361 300 1438 tibus,
337 1362 466 1424 abetmdi
491 1360 645 1423 confilium
670 1362 764 1421 donec
788 1360 825 1420 de
850 1359 998 1421 avunculo

208 1468 345 1530 nuncius.
383 1465 461 1529 Haec
475 1485 664 1549 nequaquam
679 1463 798 1526 historia
811 1464 912 1546 digna,
935 1485 996 1527 non

208 1568 377 1653 scripturus,
400 1571 490 1653 leges,
510 1572 542 1633 &
562 1570 618 1632 tibi
632 1568 751 1644 scilicet,
775 1568 826 1652 qui
846 1569 996 1653 requisisti,

207 1675 379 1756 imputabis,
392 1674 516 1758 fidigna
529 1696 567 1738 ne
579 1674 699 1758 epistola
714 1674 836 1757 quidem
851 1674 996 1738 videbun·

209 1789 268 1840 tur.
315 1778 404 1842 Vale.

279 2009 356 2053 xm.
389 2009 422 2054 C.
448 2010 594 2055 PLINIUS
621 2009 779 2054 CANINIO
804 2008 871 2054 SUO
894 2009 923 2052 S.

205 2154 300 2269 Suu
322 2199 422 2274 exiis,
438 2199 491 2283 qui
506 2202 597 2262 mirer
611 2201 767 2284 antiquos:
798 2220 859 2264 non
881 2214 995 2276 tamen,

209 2319 243 2369 ut
253 2299 388 2390 quidam,
404 2316 572 2388 temporum
587 2306 752 2369 nostrorum
771 2307 889 2390 ingenia
902 2305 995 2390 despi-

209 2412 267 2474 cio.
312 2409 422 2494 Neque
440 2412 520 2474 enim
535 2410 614 2494 quast
629 2412 699 2474 lasla
712 2413 742 2475 &
756 2408 859 2473 effoeta
880 2425 996 2487 natura,

210 2533 243 2579 ut
256 2516 334 2578 nihil
351 2515 415 2598 jam
430 2516 577 2579 laudabile
592 2518 697 2600 pariat.
742 2516 843 2600 Atque
855 2520 930 2580 adeo
940 2539 998 2580 nu-

209 2643 262 2706 per
274 2621 356 2683 audii
365 2619 541 2704 Verginium
552 2620 727 2684 Romanum
736 2625 837 2705 paucis
850 2624 998 2705 legentem

208 2726 391 2790 comoediam
404 2728 441 2787 ad
456 2727 607 2810 exemplar
621 2729 727 2790 veteris
738 2730 895 2792 comoediae
909 2727 997 2813 scrip·

209 2847 285 2909 tam,
308 2844 372 2893 tam
385 2834 472 2907 bene,
494 2844 528 2893 ut
538 2830 596 2893 esse
610 2835 787 2915 quandoque
796 2833 881 2917 possit
895 2853 998 2907 exem·

209 2938 285 3020 plat.
334 2934 445 3000 Nescio
467 2956 505 2999 an
530 2936 611 2998 noris
633 2937 800 3014 hominem,
826 2959 998 3026 quanquam
