2317 3767
208 308 271 378 230
382 308 843 361 c.rt1u.nr1srotar.

284 577 384 624 vm.
416 578 450 623 C·
475 577 623 623 PLINIUS
647 576 776 624 Pittaco
800 575 868 624 SUO
892 571 921 623 S·

206 722 431 836 Arrruruu
463 768 655 836 Crescentem
681 770 712 834 δι
743 769 817 833 nosii
842 770 873 833 &
900 787 995 833 amas.

207 864 288 958 Qris
301 875 383 937 enim
402 875 489 938 illum
499 874 654 960 spectatior
666 877 768 960 paulo,
791 886 844 938 aut
864 895 925 937 non
940 895 996 936 no-

204 981 261 1057 vit,
283 994 336 1044 aut
356 1003 418 1045 non
437 984 539 1044 amat?
563 981 658 1046 Hunc
679 1002 736 1064 ego
760 1000 821 1042 non
842 993 876 1053 ut
895 979 994 1055 multi,
1094 1058 1098 1067 .

205 1086 252 1149 scd
272 1087 429 1152 arfflffime
442 1089 544 1171 dilige.
589 1086 712 1172 Oppida
725 1085 822 1149 nostra
835 1085 924 1147 unius
937 1084 995 1148 diei

116 1223 118 1227 ⁷
204 1192 310 1255 itinere
324 1194 515 1271 dirimuntur,
541 1192 597 1277 ipsi:
607 1213 707 1256 amare
723 1193 866 1267 invicem,
890 1189 996 1274 quiesi

204 1297 441 1382 flagrantiiiimus
471 1318 568 1376 amor,
599 1297 808 1361 adulescentuli
835 1297 993 1380 coepimus.

205 1404 321 1469 Mansit
341 1407 391 1470 hic
402 1406 512 1489 postea,
533 1425 588 1467 nec
602 1400 718 1466 refrixit
732 1403 859 1489 judicio,
884 1399 933 1464 sed
947 1402 995 1465 ina

203 1513 309 1575 valuit.
354 1511 456 1576 Sciunt
468 1511 520 1593 qui
541 1510 716 1572 alterutrum
735 1508 867 1572 nostrum
882 1503 994 1570 famili·

203 1618 283 1680 arius
298 1618 460 1681 intuentur.
505 1614 592 1680 Nam
606 1615 637 1677 ἀ
650 1616 700 1677 ille
714 1614 875 1678 amicitiam
894 1630 994 1677 meam

202 1720 341 1786 latiffima
361 1720 569 1805 praedicatione
594 1716 776 1796 circumfert,
801 1721 832 1784 &
857 1740 912 1803 ego
933 1741 994 1804 prae

203 1848 253 1890 me
268 1823 342 1904 fero,
366 1844 458 1912 quam
479 1825 514 1890 srt
527 1826 604 1889 mihi
622 1822 703 1890 curae
722 1824 875 1902 modestia,
896 1826 992 1908 quies,

201 1930 339 1995 securitas
361 1933 437 2017 ejus.
481 1931 568 2018 Quin
591 1933 682 1995 etiam
712 1952 783 1995 cum
806 1931 993 1996 insolentiam

201 2038 354 2124 cujusdam
378 2040 565 2102 tribunatum
589 2038 684 2122 piebis
705 2037 808 2102 inituri
832 2049 992 2116 tereretur,

201 2144 290 2227 idque
304 2143 457 2206 indicasset
470 2144 557 2221 mihi,
580 2142 735 2228 respondi:
773 2215 779 2230 ,

223 2245 320 2324 Οὗτος
334 2251 412 2333 ἐμοῦ
423 2248 549 2335 {irruo
564 2252 616 2318 nai
626 2251 677 2316 ἐπὶ
690 2252 782 2333 χθονὶ
796 2247 990 2334 δερκομένοιο,

222 2361 279 2426 Σοὶ
292 2362 391 2442 norisne
404 2355 489 2440 erpi
499 2359 587 2438 νηυσὶ
599 2355 706 2439 βορέας
717 2356 811 2440 χοῖρος
824 2360 940 2434 ἐποίσει,
1015 2350 1017 2357 ’

202 2462 357 2549 Quorsum
378 2465 465 2528 haec?
492 2463 539 2529 Ut
559 2464 632 2553 scias
657 2478 718 2529 non
740 2463 991 2549 potientium,

202 2585 251 2635 me
265 2570 421 2646 incolumi,
435 2570 575 2654 injuriam
587 2556 727 2654 accipere.
763 2569 879 2634 Iterum
893 2570 989 2634 dices:

190 2675 357 2762 'Quorsum
375 2676 461 2738 haeci
487 2675 604 2740 Debuit
628 2676 655 2737 ei
677 2676 834 2760 pecuniam
852 2675 991 2740 Valerius

203 2781 323 2846 Varus:
345 2783 436 2867 hujus
450 2780 491 2844 est
502 2783 598 2844 haeres
607 2780 765 2846 Maximus
776 2781 883 2859 noster,
898 2800 990 2867 quern

199 2889 230 2951 ἃ
252 2887 310 2974 ipse
329 2909 419 2952 amo-r
446 2888 494 2951 sed
508 2886 697 2973 conjunsiius
713 2899 758 2951 tu.
803 2876 892 2972 R'ogo
906 2906 989 2971 ergo,

199 2993 287 3077 exigo
300 2995 391 3058 etiam
404 3015 459 3078 pro
467 2994 535 3080 jure
549 2992 700 3069 amicitiae,
722 3013 817 3072 cures,
833 3006 868 3057 ut
881 2993 992 3058 Attiiio
