2317 3767
419 266 688 314 ttnrnx.
884 265 946 335 423

162 420 300 493 praeterea
322 411 459 493 quaedam
481 410 607 473 minime
621 408 762 493 legitimis
783 406 948 492 sumptibus

157 528 328 599 erogantur.
374 515 450 580 Haec
473 516 526 579 tibi
541 515 677 581 Domine
696 515 728 577 in
748 513 809 598 ipso
823 512 948 597 ingressu

161 641 231 684 meo
244 619 348 704 scripsi.
393 620 628 705 Quintodecimo
649 617 852 685 canonos.
878 619 947 683 Do·
1031 682 1033 685 .

161 725 243 788 mine
255 726 438 810 provinciam
452 726 572 802 intravi,
593 746 686 810 quam
701 727 733 788 in
746 746 783 787 eo
796 723 946 807 obsequio,

161 829 194 892 in
221 852 256 893 ea
274 852 343 914 erga
365 843 395 895 te
419 831 489 907 fide,
515 850 607 914 quam
629 832 793 913 degenere
815 830 950 893 humano

161 937 295 1013 mereris,
315 937 427 1000 inveni.
451 935 604 1019 Dispice,
626 936 772 1012 Domine,
796 957 835 998 an
850 934 948 998 neces-

161 1038 270 1103 sarium
284 1054 369 1126 putes
394 1042 512 1103 mittere
533 1043 594 1104 huc
608 1039 791 1104 mensorem:
814 1043 951 1106 videntur

161 1147 245 1209 enim
267 1167 328 1209 non
345 1146 507 1208 mediocres
529 1146 662 1228 pecuniae
683 1145 761 1228 posie
783 1148 912 1210 revocari
932 1146 949 1211 *a
967 1220 978 1227 ,ι

38 1264 42 1269 ’
160 1252 346 1316 curatoribus
361 1271 497 1336 operum,
514 1250 535 1313 fi
558 1249 704 1314 mensurae
719 1250 843 1313 fideliter
860 1272 950 1334 agan·

162 1368 228 1420 ture
253 1357 295 1420 ita
306 1368 384 1420 certe
406 1354 547 1440 prospicio
569 1377 608 1418 ex
621 1355 735 1419 ratione
754 1353 948 1433 Prusenfium,

162 1483 254 1547 quam
269 1483 339 1526 cum
354 1461 496 1526 Maximo
509 1461 615 1525 truste.

290 1686 393 1738 xxm.
427 1692 613 1744 TRAIANUS
636 1690 759 1737 muto
782 1693 810 1736 S.

169 1830 385 1958 CUPEREM,
412 1883 474 1946 fine
498 1886 618 1967 querela
645 1882 807 1967 corpusculi
841 1882 886 1945 tui
920 1883 951 1946 &

164 2000 297 2064 tuorum,
324 1989 474 2071 pervenire
495 1991 528 2053 in
547 1988 721 2074 Bithyniam
745 1987 894 2074 potuisses,
910 2001 952 2069 ,tc

142 2094 258 2170 *fimile
271 2094 327 2158 tibi
346 2095 401 2157 iter
425 2096 463 2157 ab
482 2094 611 2178 Epheso,
634 2108 667 2158 ut
680 2095 860 2179 navigationi
878 2091 951 2158 fuis-

163 2199 217 2278 set,
240 2220 331 2285 quam
352 2212 489 2284 expertus
504 2198 594 2287 usque
609 2202 661 2264 illo
683 2223 758 2264 eras.
802 2199 876 2284 Quo
899 2221 951 2263 au·

165 2316 227 2369 tem
258 2307 305 2368 die
332 2304 507 2389 pervenisses
532 2305 565 2368 in
594 2305 778 2391 Bithyniam,
812 2306 950 2389 cognovi,

167 2407 299 2473 Secunde
334 2410 488 2487 cariffrme,
517 2411 610 2475 literis
640 2414 709 2476 tuis.
753 2412 952 2475 Provinciales

166 2516 254 2576 credo
272 2514 456 2598 prospestum
471 2516 522 2579 sthi
545 2519 634 2587 ime
647 2517 820 2600 intelligent.
866 2517 952 2581 Nam

166 2622 197 2684 &
222 2633 256 2683 tu
284 2621 368 2683 dabis
395 2642 517 2705 operam
542 2633 576 2684 ut
605 2620 793 2686 manifestum
819 2621 854 2686 s1t
879 2622 950 2699 illis,

166 2725 295 2791 electum
310 2738 339 2789 te
358 2725 427 2800 esse,
450 2728 502 2812 qui
516 2729 553 2790 ad
568 2725 683 2791 eosdem
699 2726 758 2790 mei
772 2728 838 2791 loco
852 2728 952 2791 mitte-

167 2831 250 2894 reris.
294 2830 439 2895 Rationes
461 2847 560 2898 autem
592 2834 625 2897 in
648 2832 749 2918 primis
775 2833 829 2896 tibi
854 2854 952 2897 rerum

162 2937 352 3021 publicarum
366 2938 548 3003 excutiendae
565 2937 643 3003 sunt.
686 2938 817 3004 Nam&
835 2937 891 3003 esic
904 2952 953 3002 eas

524 3044 625 3124 Ee4
