2317 3767
211 278 273 350 266
384 298 418 347 c.
442 299 558 346 nuru.
584 299 854 348 rrrsrornn.

207 443 347 527 dignitas,
378 457 501 507 ornatur
524 440 639 522 tamen)
668 441 782 507 instrui.
833 439 885 506 Te
910 460 1000 525 porro

206 551 310 612 animo
322 548 534 625 beatifflmum,
545 606 547 611 ,
557 549 711 613 modicum
725 546 917 611 facultatibus
926 545 998 615 fcio.

209 654 318 739 Itaque
336 668 450 740 partem
466 656 564 720 oneris
578 655 623 721 tui
636 653 712 718 mihi
734 652 865 730 vindice,
889 653 920 716 δι
932 666 1000 716 tan-

208 783 300 845 quam
314 783 419 847 parens
433 763 508 824 alter
521 762 630 844 puellae
649 760 756 825 nostrae
772 755 898 823 confero
911 758 1001 841 quin-

209 866 360 950 quaginta·
376 867 473 930 millia
509 866 694 934 nummtim:
731 868 799 949 plus
814 866 999 940 collaturus,

209 971 263 1036 nifi
284 971 490 1035 iverecundia
515 985 567 1033 tua
580 970 642 1035 sola
656 971 858 1034 mediocritate
877 969 1001 1033 munus-

209 1079 270 1141 culi
295 1077 446 1160 impetran‘
468 1076 548 1159 posse
568 1076 761 1152 confiderem,
782 1098 820 1139 ne
842 1075 998 1140 recusares.

211 1181 301 1246 Vale.

242 1412 389 1457 xxxin.
425 1411 459 1457 C·
486 1410 633 1456 PLINIUS
663 1410 821 1457 ROMANO
846 1408 968 1455 SUOS.

212 1555 403 1667 Torum
437 1611 553 1678 cuneta,
582 1603 691 1685 inquit,
719 1601 871 1688 coeptosque
892 1602 1005 1687 auferte

160 1717 162 1721 ’
211 1707 330 1771 laborer.
375 1707 434 1770 Seu
458 1706 559 1770 scribis
588 1709 711 1791 aliquid,
743 1707 794 1770 seu
815 1709 898 1790 legis,
925 1709 1002 1784 tolli,

212 1809 323 1875 auferri
342 1813 429 1897 jube,
459 1814 490 1877 &
516 1812 615 1896 accipe
639 1814 805 1876 orationem
828 1834 940 1889 meam,
971 1826 1005 1875 ut

213 1918 257 1980 illi
271 1938 355 1980 arma
362 1918 476 1981 divina.
502 1917 593 1983 Num
607 1917 758 2001 superbius
770 1919 873 2002 potui?
891 1940 1003 1994 revera,

213 2035 247 2086 ut
265 2021 341 2084 inter
362 2043 445 2085 meas
459 2024 627 2107 pulchram.
672 2023 759 2087 Nam
779 2025 855 2087 mihi
877 2024 944 2087 satis
966 2024 1006 2087 est

213 2141 325 2191 certare
347 2148 478 2191 mecum.
524 2128 575 2192 Est
599 2131 665 2192 haec
687 2151 740 2214 pro
763 2129 856 2193 Accia
884 2129 1007 2194 Variola

213 2231 245 2297 &
269 2232 413 2316 dignitate
437 2232 578 2317 personae,
614 2235 645 2297 ὃ(
670 2234 798 2317 exempli
820 2235 950 2310 raritate,
975 2237 1007 2300 δι

208 2339 316 2425 judicii
344 2339 550 2421 magnitudine
582 2338 713 2423 insignis.
765 2338 853 2404 Nam
878 2325 1010 2403 foemina

213 2441 363 2528 splendide
385 2457 467 2521 nata,
497 2459 590 2529 nupta
610 2447 748 2528 praetorio
773 2445 850 2522 viru,
875 2447 1008 2511 exhaerea

213 2553 283 2615 data
304 2553 342 2614 ab
362 2550 552 2634 octogenario
564 2563 659 2635 patre,
686 2551 764 2613 intra
778 2552 918 2614 undecim
932 2552 1005 2627 dies,

204 2664 305 2741 'quam
320 2656 372 2719 ille
382 2676 541 2719 novercam
555 2657 583 2718 ei
597 2676 699 2720 amore
715 2668 818 2740 captus
837 2656 1006 2734 induxerat,

213 2762 398 2847 quadruplici
430 2761 544 2845 judicio
578 2762 660 2823 bona
693 2774 816 2845 paterna
844 2764 1005 2845 repetebat.

214 2866 361 2930 Sedebant
385 2865 507 2948 Judices
528 2877 650 2929 centum
669 2868 700 2930 &
721 2866 883 2950 octoginta.
929 2867 1009 2951 (Tot

214 2972 297 3043 enirn
321 2983 450 3055 quatuor
478 2969 605 3035 confiliis
632 2967 870 3050 conscribuntur)
901 2972 1006 3054 ingens
