2317 3767
227 263 291 333 282
390 279 855 333 crumenarum.

224 425 282 489 esse
302 424 485 508 praecipuum
506 422 636 487 studium
650 423 776 489 orandi:
800 421 850 487 sed
870 445 934 487 non
947 423 1016 488 ideo

223 529 338 613 semper
356 549 522 611 pugnacem
549 529 643 605 hunc,
668 529 699 592 δι
723 528 804 613 quasi
824 530 1016 593 bellatorium

223 637 331 721 stylum
351 634 499 698 suaserim.
545 635 591 699 Ut
607 636 688 699 enim
712 648 797 699 terrae
811 636 902 700 variis
915 650 1015 701 muta·

223 741 317 826 tisque
335 739 509 817 seminibus,
533 742 575 804 ita
588 742 707 824 ingenia
721 741 829 818 nostra,
853 762 934 805 nunc
958 742 1016 805 hac

223 867 303 911 nunc
318 847 370 909 illa
384 847 577 910 meditatione
592 848 772 909 recoluntur.
819 846 900 911 Volo
922 849 1014 911 inter·

224 956 299 1018 dum
318 953 449 1036 aliquem
470 974 509 1016 ex
532 952 652 1016 historia
673 956 774 1016 locum
793 954 1012 1036 apprehendas:

223 1062 295 1123 volo
326 1057 479 1142 epistolam
507 1059 678 1142 diligentius
705 1058 824 1134 scribas,
851 1058 922 1121 volo
948 1078 1012 1120 car-

225 1166 325 1228 mina:
348 1185 420 1227 nam
442 1164 518 1247 saepe
532 1165 563 1226 in
577 1165 724 1227 orationes
742 1185 860 1248 quoque
874 1184 936 1226 non
954 1160 1014 1226 his-

224 1272 317 1335 torica
340 1272 442 1347 modo,
468 1268 516 1333 sed
540 1290 630 1354 prope
652 1269 769 1354 poetica
786 1268 1019 1352 descriptionum·

224 1375 375 1440 necessitas
399 1376 583 1439 incidite&
610 1375 721 1459 presius
746 1375 843 1439 senno
868 1374 1015 1459 purusque

224 1504 262 1547 ex
276 1481 404 1565 epistolis
418 1481 536 1564 petitur.
574 1480 601 1544 F
602 1502 634 1544 aa
648 1481 689 1545 est
702 1484 733 1546 dc
745 1484 877 1545 carmine
891 1480 1012 1556 remitti,

224 1609 286 1652 non
309 1587 376 1650 dico
392 1586 546 1663 continuo,
568 1587 600 1649 δι
621 1587 723 1669 longo,
747 1587 799 1672 (Id
820 1587 901 1649 enim
914 1585 1015 1669 persici

224 1693 278 1757 nisi
291 1693 323 1756 in
333 1692 397 1755 otio
410 1713 471 1755 non
485 1688 589 1775 potest)
609 1690 658 1754 sed
671 1693 729 1755 hoc
742 1706 848 1775 arguto
865 1692 896 1754 &
918 1691 1013 1767 brevi,

225 1799 305 1881 quod
327 1810 394 1881 apte
422 1796 617 1881 quantassibet
643 1799 851 1882 occupationes
876 1796 1016 1881 curasque

224 1902 386 1986 distinguit.
432 1901 530 1967 Lusus
550 1917 704 1980 vocantur,
730 1901 778 1965 sed
804 1904 837 1965 hi
851 1901 931 1966 lusus
953 1923 1016 1965 non

226 2009 375 2072 minorem
397 2009 546 2073 interdum
571 2011 708 2093 gloriam,
734 2030 824 2092 quam
849 2007 923 2070 seria
943 2028 1017 2071 con·

226 2113 404 2197 sequunturt
427 2129 515 2198 atque
529 2117 614 2191 adeo,
639 2116 704 2199 (cur
716 2115 798 2177 enim
821 2126 850 2176 te
864 2115 902 2176 ad
916 2111 1017 2177 versuo

226 2240 287 2282 non
302 2219 430 2283 versibus
444 2222 583 2284 adhorter
594 2217 619 2300 i)

250 2326 290 2389 Ut
306 2327 370 2389 laus
383 2328 421 2413 est
433 2350 517 2403 cerae,
538 2326 627 2390 mollis
641 2325 941 2412 cedensquesequatur
991 2402 995 2410 ς

245 2490 248 2495 ,
290 2432 325 2495 Si
337 2435 429 2496 doelos
441 2433 556 2517 digitos,
571 2433 702 2520 juffaque
717 2432 777 2517 fiat
792 2449 868 2518 opus.

249 2542 291 2606 Et
298 2562 371 2604 nunc
380 2539 510 2627 informet
517 2538 662 2614 Martem,
671 2540 826 2625 testemque
833 2537 1017 2614 Mmerwm,

264 2670 268 2677 ·
290 2645 379 2713 Nunc
390 2647 521 2711 Venerem
534 2643 659 2730 effingat,
673 2667 745 2706 nunc
759 2643 874 2708 Wneris
880 2660 1020 2729 puerum:

252 2751 532 2840 thuesacrisontes
546 2773 600 2813 non
605 2748 672 2835 sola
683 2749 934 2835 incendiaststunt,

292 2861 370 2946 Saepe
384 2858 469 2923 etiam
474 2860 577 2945 stores,
588 2877 732 2939 vernaque
739 2867 830 2941 prata
844 2857 946 2921 lavant
951 2881 966 2926 ,·
