2317 3767
207 229 271 320 256
369 248 403 296 c.
429 246 547 297 nm.
576 248 839 298 enstottn.

206 393 249 459 dii
263 390 395 468 faveant,
418 406 452 456 ut
466 391 503 455 fic
524 389 656 453 inveniat
669 390 784 474 ipsum‚‘
800 391 1000 476 quemadmo·

206 501 280 563 dum
290 499 358 584 jam
371 518 442 563 cum
455 517 517 582 quo
531 493 641 575 fuisset,
658 496 789 563 invenit!
835 496 923 561 Vale.

250 727 356 774 xxvt.
402 724 436 772 C·
466 724 617 773 PLINIUS
639 729 824 776 SERVIANO
843 727 910 774 SUO
931 727 959 773 S.

209 874 392 989 GAuneo
411 921 442 984 &
466 920 610 1003 gratulor,
633 920 713 1003 quod
730 917 825 982 Fusco
840 917 998 983 Salinatori

204 1025 301 1094 filiam
322 1037 407 1091 tuam
419 1023 572 1088 destinasti.
619 1023 742 1088 Domus
766 1025 898 1107 patricia,
915 1010 997 1109 pater

206 1131 433 1207 henetiffnnus,
447 1142 543 1193 mater
556 1130 619 1214 pari
630 1131 728 1193 laude.
773 1126 839 1212 Ipse
852 1128 892 1192 est
905 1128 997 1194 studi-

204 1236 285 1314 osm,
299 1238 444 1312 literatus,
460 1236 551 1299 etiam
565 1234 702 1311 disertus,
716 1256 789 1318 puer
798 1233 996 1319 fimplicitate‚

205 1342 344 1407 comitate
353 1342 486 1426 juvenis,
501 1340 589 1404 senex
606 1341 767 1423 gravitate:
794 1338 890 1426 neque
909 1361 995 1405 amo*

205 1469 237 1512 te
250 1448 392 1531 decipior.
437 1445 520 1510 Amo
535 1446 658 1530 quidem
683 1443 774 1510 effuse
802 1447 856 1529 (ita
876 1445 994 1524 offitiis,

205 1555 248 1617 ita
259 1553 423 1618 reverentia
440 1547 561 1629 meruit)
576 1550 680 1634 judico
693 1560 806 1627 tamen,
829 1550 994 1635 &quidem

204 1671 288 1725 tanto
307 1657 415 1732 acrius,
441 1658 673 1740 quantomagis
697 1678 782 1720 amo:
805 1656 930 1742 tibique,
961 1669 996 1721 ut

203 1764 256 1849 qui
270 1762 498 1846 embnverim,
520 1759 648 1844 spondeo
660 1762 833 1826 habiturum
856 1776 886 1824 te
903 1783 994 1845 gene-

205 1878 285 1944 tum,
303 1889 364 1952 quo
374 1869 482 1933 melior
495 1866 579 1949 fingi,
602 1888 640 1930 ne
662 1881 732 1931 voto
749 1869 870 1953 quidem
885 1869 991 1950 potuit.

205 1972 351 2058 Superest,
372 1987 406 2036 ut
418 1994 512 2036 avum
526 1985 556 2035 te
577 1994 669 2058 quam
694 1973 886 2037 maturiffime
901 1974 993 2037 ssmil-

204 2081 314 2147 limum
333 2077 378 2143 sui
399 2075 501 2143 faciat.
546 2078 652 2164 Quam
671 2076 758 2142 foelix
778 2091 896 2163 tempus
919 2080 995 2143 illud

204 2206 266 2269 quo
279 2184 355 2248 tm'hi
377 2184 485 2249 liberos
503 2184 597 2261 illius,
618 2197 738 2268 nepotes
752 2196 831 2261 tuos,
857 2198 890 2250 ut
908 2206 992 2252 meos

207 2291 257 2355 vel
265 2290 373 2354 liberos
387 2290 435 2352 vel
446 2302 566 2374 nepotes
581 2311 619 2352 ex
630 2289 724 2353 vestro
737 2289 799 2353 smu
814 2289 939 2368 sumere,
961 2294 994 2356 δε

96 2402 99 2409 ’
205 2395 285 2482 qutfi
298 2394 551 2479 perijuretenere
565 2394 733 2477 continget!
780 2394 869 2459 Vale.-

258 2602 390 2649 xxvu.
420 2602 455 2648 C·
478 2603 625 2648 PLINIUS
647 2603 788 2650 SEVERO
810 2604 877 2652 SUO
899 2605 927 2652 S.

209 2745 376 2875 Rom,
391 2811 425 2860 ut
437 2797 577 2881 cogitem,
594 2798 665 2883 quid
690 2795 854 2881 defigamus
871 2796 995 2869 Consul·

206 2902 240 2969 in
255 2904 402 2971 honorem
426 2901 570 2987 Principis
588 2903 717 2968 censeas.
762 2903 872 2969 Facilis
884 2906 994 2979 invent
