<?xml version="1.0" encoding="UTF-8"?>
<!DOCTYPE html PUBLIC "-//W3C//DTD XHTML 1.0 Transitional//EN"
    "http://www.w3.org/TR/xhtml1/DTD/xhtml1-transitional.dtd">
<html xmlns="http://www.w3.org/1999/xhtml" xml:lang="en" lang="en">
 <head>
  <title>
</title>
<meta http-equiv="Content-Type" content="text/html;charset=utf-8" />
  <meta name='ocr-system' content='tesseract 3.04.00' />
  <meta name='ocr-capabilities' content='ocr_page ocr_carea ocr_par ocr_line ocrx_word'/>
</head>
<body>
  <div class='ocr_page' id='page_1' title='image "./cpliniicciliise01plingoog_0326.png"; bbox 0 0 2317 3767; ppageno 0'>
   <div class='ocr_carea' id='block_1_1' title="bbox 222 256 858 347">
    <p class='ocr_par' dir='ltr' id='par_1_1' title="bbox 222 256 858 347">
     <span class='ocr_line' id='line_1_1' title="bbox 222 256 858 347; baseline 0.005 -24"><span class='ocrx_word' id='word_1_1' title='bbox 222 256 284 347; x_wconf 80' lang='lat'>308</span> <span class='ocrx_word' id='word_1_2' title='bbox 397 277 431 325; x_wconf 82' lang='lat' dir='ltr'>e.</span> <span class='ocrx_word' id='word_1_3' title='bbox 456 278 571 325; x_wconf 76' lang='lat' dir='ltr'>euru.</span> <span class='ocrx_word' id='word_1_4' title='bbox 597 279 858 328; x_wconf 75' lang='lat' dir='ltr'>arrsroann.</span> 
     </span>
    </p>
   </div>
   <div class='ocr_carea' id='block_1_2' title="bbox 96 543 966 600">
    <p class='ocr_par' dir='ltr' id='par_1_2' title="bbox 96 543 966 600">
     <span class='ocr_line' id='line_1_2' title="bbox 96 543 966 600; baseline 0.006 -13"><span class='ocrx_word' id='word_1_5' title='bbox 96 587 101 595; x_wconf 86' lang='grc'>,</span> <span class='ocrx_word' id='word_1_6' title='bbox 266 543 371 588; x_wconf 79' lang='lat' dir='ltr'><strong>XXIX·</strong></span> <span class='ocrx_word' id='word_1_7' title='bbox 405 543 438 588; x_wconf 77' lang='lat' dir='ltr'>C.</span> <span class='ocrx_word' id='word_1_8' title='bbox 464 546 610 600; x_wconf 71' lang='lat' dir='ltr'>PLINIUS</span> <span class='ocrx_word' id='word_1_9' title='bbox 635 545 831 595; x_wconf 61' lang='lat' dir='ltr'>MONTANO}</span> <span class='ocrx_word' id='word_1_10' title='bbox 847 548 914 595; x_wconf 89' lang='lat' dir='ltr'>SUO</span> <span class='ocrx_word' id='word_1_11' title='bbox 937 549 966 594; x_wconf 71' lang='lat' dir='ltr'>S.</span> 
     </span>
    </p>
   </div>
   <div class='ocr_carea' id='block_1_3' title="bbox 219 687 1020 2717">
    <p class='ocr_par' dir='ltr' id='par_1_3' title="bbox 219 687 1020 2717">
     <span class='ocr_line' id='line_1_3' title="bbox 226 687 1017 824; baseline 0.006 -26"><span class='ocrx_word' id='word_1_12' title='bbox 226 687 420 812; x_wconf 74' lang='lat' dir='ltr'>Rroems,</span> <span class='ocrx_word' id='word_1_13' title='bbox 456 737 562 800; x_wconf 85' lang='lat' dir='ltr'>deinde</span> <span class='ocrx_word' id='word_1_14' title='bbox 596 738 807 821; x_wconf 86' lang='lat' dir='ltr'>indignaberis,</span> <span class='ocrx_word' id='word_1_15' title='bbox 837 739 860 802; x_wconf 86' lang='lat' dir='ltr'>fi</span> <span class='ocrx_word' id='word_1_16' title='bbox 889 741 1017 824; x_wconf 68' lang='lat' dir='ltr'>legeris:</span> 
     </span>
     <span class='ocr_line' id='line_1_4' title="bbox 221 841 1020 927; baseline 0.006 -23"><span class='ocrx_word' id='word_1_17' title='bbox 221 842 303 923; x_wconf 92' lang='lat' dir='ltr'>quod</span> <span class='ocrx_word' id='word_1_18' title='bbox 328 841 381 904; x_wconf 85' lang='lat' dir='ltr'>nisr</span> <span class='ocrx_word' id='word_1_19' title='bbox 402 842 519 925; x_wconf 88' lang='lat' dir='ltr'>legeris,</span> <span class='ocrx_word' id='word_1_20' title='bbox 548 863 611 906; x_wconf 89' lang='lat' dir='ltr'>non</span> <span class='ocrx_word' id='word_1_21' title='bbox 630 855 714 927; x_wconf 87' lang='lat' dir='ltr'>potes</span> <span class='ocrx_word' id='word_1_22' title='bbox 728 846 856 907; x_wconf 83' lang='lat' dir='ltr'>credere.</span> <span class='ocrx_word' id='word_1_23' title='bbox 902 845 954 909; x_wconf 84' lang='lat' dir='ltr'>Est</span> <span class='ocrx_word' id='word_1_24' title='bbox 968 847 1020 909; x_wconf 87' lang='lat' dir='ltr'>via</span> 
     </span>
     <span class='ocr_line' id='line_1_5' title="bbox 223 944 1020 1034; baseline 0.004 -24"><span class='ocrx_word' id='word_1_25' title='bbox 223 944 388 1010; x_wconf 84' lang='lat' dir='ltr'>Tiburtina</span> <span class='ocrx_word' id='word_1_26' title='bbox 407 949 485 1011; x_wconf 86' lang='lat' dir='ltr'>intra</span> <span class='ocrx_word' id='word_1_27' title='bbox 503 949 635 1030; x_wconf 88' lang='lat' dir='ltr'>primum</span> <span class='ocrx_word' id='word_1_28' title='bbox 650 948 780 1034; x_wconf 76' lang='lat' dir='ltr'>lapidem</span> <span class='ocrx_word' id='word_1_29' title='bbox 794 949 947 1033; x_wconf 78' lang='lat' dir='ltr'>(proxime</span> <span class='ocrx_word' id='word_1_30' title='bbox 963 972 1020 1014; x_wconf 88' lang='lat' dir='ltr'>an·</span> 
     </span>
     <span class='ocr_line' id='line_1_6' title="bbox 222 1047 1019 1139; baseline 0.005 -26"><span class='ocrx_word' id='word_1_31' title='bbox 222 1047 336 1129; x_wconf 87' lang='lat' dir='ltr'>notavi)</span> <span class='ocrx_word' id='word_1_32' title='bbox 373 1053 595 1116; x_wconf 86' lang='lat' dir='ltr'>monimentum</span> <span class='ocrx_word' id='word_1_33' title='bbox 629 1052 784 1131; x_wconf 90' lang='lat' dir='ltr'>Pallantis,</span> <span class='ocrx_word' id='word_1_34' title='bbox 819 1055 862 1117; x_wconf 88' lang='lat' dir='ltr'>ita</span> <span class='ocrx_word' id='word_1_35' title='bbox 896 1053 1019 1139; x_wconf 83' lang='lat' dir='ltr'>inscrip-</span> 
     </span>
     <span class='ocr_line' id='line_1_7' title="bbox 219 1167 1019 1235; baseline -0.004 -10"><span class='ocrx_word' id='word_1_36' title='bbox 219 1167 300 1235; x_wconf 72' lang='lat' dir='ltr'>tum,</span> <span class='ocrx_word' id='word_1_37' title='bbox 337 1177 429 1222; x_wconf 77' lang='lat' dir='ltr'>nure</span> <span class='ocrx_word' id='word_1_38' title='bbox 468 1177 633 1221; x_wconf 63' lang='lat' dir='ltr'>seuerus</span> <span class='ocrx_word' id='word_1_39' title='bbox 667 1177 712 1222; x_wconf 82' lang='lat' dir='ltr'>ou</span> <span class='ocrx_word' id='word_1_40' title='bbox 747 1178 864 1222; x_wconf 76' lang='lat' dir='ltr'>riuum</span> <span class='ocrx_word' id='word_1_41' title='bbox 889 1179 1019 1222; x_wconf 73' lang='lat' dir='ltr'>eiura-</span> 
     </span>
     <span class='ocr_line' id='line_1_8' title="bbox 222 1279 1016 1343; baseline 0.005 -19"><span class='ocrx_word' id='word_1_42' title='bbox 222 1279 378 1343; x_wconf 73' lang='lat' dir='ltr'>TEMQJE</span> <span class='ocrx_word' id='word_1_43' title='bbox 417 1281 514 1326; x_wconf 71' lang='lat' dir='ltr'>aron</span> <span class='ocrx_word' id='word_1_44' title='bbox 553 1281 747 1327; x_wconf 76' lang='lat' dir='ltr'>earuouos</span> <span class='ocrx_word' id='word_1_45' title='bbox 779 1282 1016 1329; x_wconf 74' lang='lat' dir='ltr'>onuamaura</span> 
     </span>
     <span class='ocr_line' id='line_1_9' title="bbox 223 1385 1015 1444; baseline 0.004 -15"><span class='ocrx_word' id='word_1_46' title='bbox 223 1385 419 1431; x_wconf 67' lang='lat' dir='ltr'>rumorem</span> <span class='ocrx_word' id='word_1_47' title='bbox 457 1386 662 1444; x_wconf 75' lang='lat' dir='ltr'>neckevlr,</span> <span class='ocrx_word' id='word_1_48' title='bbox 698 1388 742 1431; x_wconf 80' lang='lat' dir='ltr'>ET</span> <span class='ocrx_word' id='word_1_49' title='bbox 780 1388 1015 1432; x_wconf 66' lang='lat' dir='ltr'>sestertium</span> 
     </span>
     <span class='ocr_line' id='line_1_10' title="bbox 223 1491 1015 1554; baseline 0 -18"><span class='ocrx_word' id='word_1_50' title='bbox 223 1491 378 1537; x_wconf 71' lang='lat' dir='ltr'>currules</span> <span class='ocrx_word' id='word_1_51' title='bbox 403 1491 688 1554; x_wconf 75' lang='lat' dir='ltr'>QanJAores:</span> <span class='ocrx_word' id='word_1_52' title='bbox 730 1493 840 1545; x_wconf 73' lang='lat' dir='ltr'>curus</span> <span class='ocrx_word' id='word_1_53' title='bbox 865 1493 1015 1538; x_wconf 72' lang='lat' dir='ltr'>aunone</span> 
     </span>
     <span class='ocr_line' id='line_1_11' title="bbox 221 1564 1016 1662; baseline -0.001 -20"><span class='ocrx_word' id='word_1_54' title='bbox 221 1564 439 1643; x_wconf 69' lang='lat' dir='ltr'>conuentus</span> <span class='ocrx_word' id='word_1_55' title='bbox 466 1598 565 1642; x_wconf 81' lang='lat' dir='ltr'>rurr.</span> <span class='ocrx_word' id='word_1_56' title='bbox 610 1576 761 1662; x_wconf 88' lang='lat' dir='ltr'>Equidem</span> <span class='ocrx_word' id='word_1_57' title='bbox 781 1577 1016 1661; x_wconf 85' lang='lat' dir='ltr'>nunquamsum</span> 
     </span>
     <span class='ocr_line' id='line_1_12' title="bbox 220 1679 1015 1772; baseline -0.001 -25"><span class='ocrx_word' id='word_1_58' title='bbox 220 1685 356 1760; x_wconf 86' lang='lat' dir='ltr'>miratus,</span> <span class='ocrx_word' id='word_1_59' title='bbox 373 1705 440 1767; x_wconf 87' lang='lat' dir='ltr'>quae</span> <span class='ocrx_word' id='word_1_60' title='bbox 453 1682 557 1772; x_wconf 80' lang='lat' dir='ltr'>saepius</span> <span class='ocrx_word' id='word_1_61' title='bbox 580 1682 598 1745; x_wconf 76' lang='lat' dir='ltr'>ai</span> <span class='ocrx_word' id='word_1_62' title='bbox 613 1679 744 1759; x_wconf 87' lang='lat' dir='ltr'>fortuna,</span> <span class='ocrx_word' id='word_1_63' title='bbox 759 1704 852 1767; x_wconf 88' lang='lat' dir='ltr'>quam</span> <span class='ocrx_word' id='word_1_64' title='bbox 871 1682 1015 1766; x_wconf 76' lang='lat' dir='ltr'>ijudicio</span> 
     </span>
     <span class='ocr_line' id='line_1_13' title="bbox 221 1787 1017 1872; baseline -0.003 -20"><span class='ocrx_word' id='word_1_65' title='bbox 221 1787 483 1872; x_wconf 84' lang='lat' dir='ltr'>proficiscerentur.</span> <span class='ocrx_word' id='word_1_66' title='bbox 520 1788 662 1851; x_wconf 81' lang='lat' dir='ltr'>Maxime</span> <span class='ocrx_word' id='word_1_67' title='bbox 675 1801 777 1850; x_wconf 88' lang='lat' dir='ltr'>tamen</span> <span class='ocrx_word' id='word_1_68' title='bbox 791 1789 841 1850; x_wconf 91' lang='lat' dir='ltr'>hic</span> <span class='ocrx_word' id='word_1_69' title='bbox 854 1807 904 1849; x_wconf 90' lang='lat' dir='ltr'>me</span> <span class='ocrx_word' id='word_1_70' title='bbox 911 1787 1017 1850; x_wconf 83' lang='lat' dir='ltr'>titulus</span> 
     </span>
     <span class='ocr_line' id='line_1_14' title="bbox 225 1893 1016 1978; baseline 0 -23"><span class='ocrx_word' id='word_1_71' title='bbox 225 1894 393 1971; x_wconf 86' lang='lat' dir='ltr'>admonuit,</span> <span class='ocrx_word' id='word_1_72' title='bbox 409 1915 501 1978; x_wconf 88' lang='lat' dir='ltr'>quam</span> <span class='ocrx_word' id='word_1_73' title='bbox 516 1893 608 1973; x_wconf 76' lang='lat' dir='ltr'>effent</span> <span class='ocrx_word' id='word_1_74' title='bbox 629 1893 751 1956; x_wconf 86' lang='lat' dir='ltr'>mimica</span> <span class='ocrx_word' id='word_1_75' title='bbox 764 1894 795 1957; x_wconf 70' lang='grc' dir='ltr'><strong>ἃ</strong></span> <span class='ocrx_word' id='word_1_76' title='bbox 811 1895 923 1976; x_wconf 85' lang='lat' dir='ltr'>inepta,</span> <span class='ocrx_word' id='word_1_77' title='bbox 946 1915 1016 1978; x_wconf 88' lang='lat' dir='ltr'>quae</span> 
     </span>
     <span class='ocr_line' id='line_1_15' title="bbox 222 1984 1016 2084; baseline 0.003 -25"><span class='ocrx_word' id='word_1_78' title='bbox 222 1997 372 2062; x_wconf 83' lang='lat' dir='ltr'>interdum</span> <span class='ocrx_word' id='word_1_79' title='bbox 391 2001 424 2062; x_wconf 89' lang='lat' dir='ltr'>in</span> <span class='ocrx_word' id='word_1_80' title='bbox 442 2000 500 2063; x_wconf 90' lang='lat' dir='ltr'>hoc</span> <span class='ocrx_word' id='word_1_81' title='bbox 514 1984 649 2076; x_wconf 87' lang='lat' dir='ltr'>coenum,</span> <span class='ocrx_word' id='word_1_82' title='bbox 673 1999 705 2062; x_wconf 90' lang='lat' dir='ltr'>in</span> <span class='ocrx_word' id='word_1_83' title='bbox 719 1999 774 2061; x_wconf 83' lang='lat' dir='ltr'>has</span> <span class='ocrx_word' id='word_1_84' title='bbox 788 1998 886 2062; x_wconf 89' lang='lat' dir='ltr'>sordes</span> <span class='ocrx_word' id='word_1_85' title='bbox 905 1999 1016 2084; x_wconf 89' lang='lat' dir='ltr'>adjice·</span> 
     </span>
     <span class='ocr_line' id='line_1_16' title="bbox 225 2102 1015 2189; baseline 0.008 -25"><span class='ocrx_word' id='word_1_86' title='bbox 225 2116 346 2166; x_wconf 86' lang='lat' dir='ltr'>rentur:</span> <span class='ocrx_word' id='word_1_87' title='bbox 374 2125 442 2188; x_wconf 83' lang='lat' dir='ltr'>quae</span> <span class='ocrx_word' id='word_1_88' title='bbox 466 2106 594 2189; x_wconf 86' lang='lat' dir='ltr'>denique</span> <span class='ocrx_word' id='word_1_89' title='bbox 618 2106 669 2168; x_wconf 88' lang='lat' dir='ltr'>ille</span> <span class='ocrx_word' id='word_1_90' title='bbox 690 2102 823 2182; x_wconf 86' lang='lat' dir='ltr'>furcifer,</span> <span class='ocrx_word' id='word_1_91' title='bbox 839 2106 1015 2189; x_wconf 85' lang='lat' dir='ltr'>&amp;recipere</span> 
     </span>
     <span class='ocr_line' id='line_1_17' title="bbox 220 2207 1014 2294; baseline 0.001 -22"><span class='ocrx_word' id='word_1_92' title='bbox 220 2207 305 2272; x_wconf 87' lang='lat' dir='ltr'>ausus</span> <span class='ocrx_word' id='word_1_93' title='bbox 319 2208 370 2286; x_wconf 83' lang='lat' dir='ltr'>est,</span> <span class='ocrx_word' id='word_1_94' title='bbox 397 2210 428 2273; x_wconf 75' lang='grc' dir='ltr'>δι</span> <span class='ocrx_word' id='word_1_95' title='bbox 446 2208 590 2286; x_wconf 86' lang='lat' dir='ltr'>recusare,</span> <span class='ocrx_word' id='word_1_96' title='bbox 613 2223 705 2294; x_wconf 89' lang='lat' dir='ltr'>atque</span> <span class='ocrx_word' id='word_1_97' title='bbox 725 2211 828 2287; x_wconf 87' lang='lat' dir='ltr'>etiam,</span> <span class='ocrx_word' id='word_1_98' title='bbox 855 2222 889 2273; x_wconf 91' lang='lat' dir='ltr'>ut</span> <span class='ocrx_word' id='word_1_99' title='bbox 909 2212 1014 2273; x_wconf 88' lang='lat' dir='ltr'>mode-</span> 
     </span>
     <span class='ocr_line' id='line_1_18' title="bbox 221 2314 1016 2405; baseline 0.001 -27"><span class='ocrx_word' id='word_1_100' title='bbox 221 2315 343 2379; x_wconf 84' lang='lat' dir='ltr'>rationis</span> <span class='ocrx_word' id='word_1_101' title='bbox 376 2316 571 2399; x_wconf 81' lang='lat' dir='ltr'>exemplum,</span> <span class='ocrx_word' id='word_1_102' title='bbox 604 2314 722 2405; x_wconf 85' lang='lat' dir='ltr'>posteris</span> <span class='ocrx_word' id='word_1_103' title='bbox 763 2317 897 2399; x_wconf 83' lang='lat' dir='ltr'>prodere.</span> <span class='ocrx_word' id='word_1_104' title='bbox 955 2315 1016 2379; x_wconf 86' lang='lat' dir='ltr'>Sed</span> 
     </span>
     <span class='ocr_line' id='line_1_19' title="bbox 219 2420 1014 2511; baseline 0 -27"><span class='ocrx_word' id='word_1_105' title='bbox 219 2421 293 2506; x_wconf 92' lang='lat' dir='ltr'>quid</span> <span class='ocrx_word' id='word_1_106' title='bbox 306 2421 466 2504; x_wconf 78' lang='lat' dir='ltr'>indignor?</span> <span class='ocrx_word' id='word_1_107' title='bbox 511 2420 622 2485; x_wconf 89' lang='lat' dir='ltr'>Ridere</span> <span class='ocrx_word' id='word_1_108' title='bbox 636 2420 724 2485; x_wconf 85' lang='lat' dir='ltr'>satius</span> <span class='ocrx_word' id='word_1_109' title='bbox 738 2420 790 2498; x_wconf 87' lang='lat' dir='ltr'>est,</span> <span class='ocrx_word' id='word_1_110' title='bbox 804 2443 855 2511; x_wconf 82' lang='lat' dir='ltr'>ne</span> <span class='ocrx_word' id='word_1_111' title='bbox 876 2420 905 2483; x_wconf 90' lang='lat' dir='ltr'>se</span> <span class='ocrx_word' id='word_1_112' title='bbox 927 2442 1014 2505; x_wconf 86' lang='lat' dir='ltr'>mag·</span> 
     </span>
     <span class='ocr_line' id='line_1_20' title="bbox 219 2512 1014 2611; baseline -0.001 -19"><span class='ocrx_word' id='word_1_113' title='bbox 219 2547 295 2593; x_wconf 92' lang='lat' dir='ltr'>num</span> <span class='ocrx_word' id='word_1_114' title='bbox 309 2526 429 2610; x_wconf 88' lang='lat' dir='ltr'>aliquod</span> <span class='ocrx_word' id='word_1_115' title='bbox 448 2528 569 2611; x_wconf 88' lang='lat' dir='ltr'>adeptos</span> <span class='ocrx_word' id='word_1_116' title='bbox 583 2538 699 2610; x_wconf 91' lang='lat' dir='ltr'>putent,</span> <span class='ocrx_word' id='word_1_117' title='bbox 722 2512 774 2609; x_wconf 88' lang='lat' dir='ltr'>qui</span> <span class='ocrx_word' id='word_1_118' title='bbox 792 2528 851 2592; x_wconf 87' lang='lat' dir='ltr'>huc</span> <span class='ocrx_word' id='word_1_119' title='bbox 873 2524 1014 2601; x_wconf 77' lang='lat' dir='ltr'>felicitate</span> 
     </span>
     <span class='ocr_line' id='line_1_21' title="bbox 219 2624 766 2717; baseline -0.007 -20"><span class='ocrx_word' id='word_1_120' title='bbox 219 2624 408 2717; x_wconf 84' lang='lat' dir='ltr'>perveniunt,</span> <span class='ocrx_word' id='word_1_121' title='bbox 423 2644 457 2696; x_wconf 92' lang='lat' dir='ltr'>ut</span> <span class='ocrx_word' id='word_1_122' title='bbox 471 2633 631 2698; x_wconf 82' lang='lat' dir='ltr'>rideantur.</span> <span class='ocrx_word' id='word_1_123' title='bbox 678 2630 766 2694; x_wconf 83' lang='lat' dir='ltr'>Vale.</span> 
     </span>
    </p>
   </div>
   <div class='ocr_carea' id='block_1_4' title="bbox 0 0 1164 3767">
    <p class='ocr_par' dir='ltr' id='par_1_4' title="bbox 0 0 1164 3767">
     <span class='ocr_line' id='line_1_22' title="bbox 0 0 1164 3767; baseline 0 1"><span class='ocrx_word' id='word_1_124' title='bbox 0 0 1164 3767; x_wconf 95' lang='lat' dir='ltr'> </span> 
     </span>
    </p>
   </div>
  </div>
 </body>
</html>
