2317 3767
398 261 698 312 urrrrrv.
894 256 957 327 143

168 557 171 558 ⁷
223 536 316 582 vlu.
364 535 398 579 C·
429 533 578 580 PLINIUS
601 531 768 578 Anniano
790 530 855 576 SUO
880 528 910 573 8.

163 677 443 794 Ganruunnrs
458 727 546 801 mihi,
572 728 653 810 quod
679 724 841 810 acceperim
862 741 958 807 augu·

161 847 273 897 ratum.
318 834 393 916 Jure
412 832 590 915 gratularis:
613 831 758 915 primum,
784 830 865 915 quod
888 849 958 912 gra·

163 938 271 1002 vissrmi
294 938 439 1022 Principis
457 937 606 1022 judicium
631 938 663 1000 in
685 936 853 1000 minoribus
865 935 959 1000 etiam

162 1046 252 1110 rebus
275 1042 413 1128 consequi
437 1044 597 1127 pulchrum
607 1042 667 1106 cst:
696 1042 804 1106 deinde
817 1041 898 1126 quod
911 1039 957 1104 sa·

164 1149 333 1212 cerdotium
355 1147 450 1232 ipsum
474 1169 545 1211 cunr
566 1146 694 1231 priscum
717 1149 749 1212 ἃ
777 1144 957 1231 religiosum,

162 1267 231 1318 tum
256 1253 315 1315 hoc
336 1275 453 1338 quoque
478 1254 595 1318 sacrum
616 1255 704 1338 plane
725 1253 756 1319 ἃ
778 1253 890 1339 intigne
903 1252 957 1329 est,

162 1362 244 1445 quod
278 1381 341 1423 non
379 1360 521 1424 adimitur
548 1359 674 1423 viventi.
719 1358 808 1423 Nam
839 1370 956 1434 caeteta,

165 1489 258 1553 quam
299 1467 445 1550 dignitate
473 1466 692 1550 propemodum
714 1463 808 1550 paria,
842 1476 877 1527 ut
903 1462 959 1526 tri·

166 1575 311 1649 buuntur‚
339 1572 377 1635 stc
392 1568 589 1636 auferuntur:
614 1573 646 1635 in
661 1571 719 1635 hoc
733 1566 863 1636 fortune
886 1569 958 1634 hac-

164 1690 256 1744 tenus
284 1679 362 1752 licet,
386 1692 420 1742 ut
443 1678 508 1740 dari
528 1677 623 1762 poffit.
668 1677 753 1742 Mihi
775 1696 847 1740 vero
868 1674 959 1742 etiam

166 1783 247 1846 iliud
264 1785 459 1866 gratulatione
481 1785 607 1865 dignum
630 1783 757 1858 videtur,
784 1782 865 1867 quod
893 1781 958 1848 suc·

163 1888 231 1954 ceffi
245 1889 329 1973 Julio
340 1889 496 1965 Frontino,
517 1887 642 1972 principi
655 1888 732 1964 viro,
756 1889 809 1974 qui
831 1908 881 1951 me
901 1908 959 1952 no·

165 1995 340 2060 minationis
354 1995 402 2057 die
412 1996 529 2077 peritos
543 1994 702 2058 continuos
719 2013 814 2057 annos
824 1994 901 2058 inter
913 1992 959 2058 sa·

166 2103 299 2176 cerdotrs
318 2102 504 2176 nominabat,
531 2114 676 2183 tanquam
698 2100 851 2166 inlocum
871 2100 959 2164 suum

163 2220 334 2291 cooptaret:
357 2208 437 2292 quod
456 2226 537 2269 nunc
549 2218 675 2269 eventus
689 2206 731 2270 ita
739 2207 958 2291 comprobavit,

165 2328 281 2381 utnon
305 2310 462 2377 fortuitum
490 2312 648 2377 videretur.
692 2311 745 2378 Te
770 2314 893 2397 quidem
913 2313 961 2397 (ut

164 2416 278 2498 scribis)
307 2422 348 2483 ob
387 2420 445 2481 hoc
473 2419 605 2481 maxime
644 2417 771 2482 delectat
799 2430 961 2503 auguratus

166 2546 265 2601 meus,
287 2528 367 2610 quod
379 2525 507 2598 Marcus
521 2523 647 2590 Tullius
662 2543 757 2608 augur
774 2521 842 2587 fuit.
888 2523 961 2589 Lac·
1028 2555 1032 2568 ¹

165 2633 238 2694 taris
252 2633 346 2707 enim,
362 2632 442 2715 quod
456 2630 622 2693 honoribus
635 2629 699 2714 ejus
715 2629 854 2709 infistam,
869 2647 963 2714 quem

165 2737 302 2801 aemulari
316 2738 348 2799 in
362 2736 463 2799 studiis
481 2737 580 2820 cupio.
627 2734 685 2800 Sed
711 2737 840 2811 utinam,
865 2748 899 2797 ut
917 2733 963 2798 sa·
998 2719 1001 2728 ¹

165 2844 343 2919 cerdonum,
363 2843 445 2905 idern
469 2844 500 2906 &
517 2841 730 2919 Consulatum,
753 2842 852 2905 multo
871 2840 963 2906 etiarn

135 3025 139 3028 V
159 2949 304 3034 juvenior
317 2970 409 3033 quam
429 2948 492 3026 ille,
513 2948 580 3014 sum
599 2946 792 3013 consecutus:
820 2946 863 3011 ita
875 2945 962 3011 senex
