2317 3767
400 283 667 329 arsum.
891 282 929 349 13

136 441 250 513 quanto
263 425 359 509 magis
374 426 476 508 gloriae
491 426 555 511 ejus
569 423 831 508 praedicationique
851 423 931 486 invi-

138 536 261 596 demus:
284 546 373 615 atque
388 553 423 593 ea
436 534 562 594 demum
576 532 655 595 recte
668 529 748 594 fasta
762 532 863 594 minus
878 533 931 593 de-

137 651 310 721 torquemus
337 639 368 701 &
397 638 560 721 carpimus,
592 657 660 720 quae
691 637 723 698 in
755 635 931 699 obscuritate

135 744 166 805 ἃ
194 742 309 805 silentio
339 756 532 826 reponuntur.
585 742 659 827 Qua
680 763 718 805 ex
740 741 828 806 causa
856 740 932 825 saepe

136 852 270 925 mecum,
304 847 428 910 nobisne
456 860 575 910 tantum
604 848 745 931 quicquid
774 848 849 909 illud
877 847 930 932 est,

136 952 342 1036 composuisse,
364 974 403 1015 an
425 955 456 1017 &
479 954 545 1015 aliis
567 954 743 1030 debeamus,
764 964 798 1014 ut
820 953 928 1015 nobis?

137 1057 293 1144 Admonet
307 1058 380 1120 istud
397 1079 525 1141 quoque,
542 1060 622 1142 quod
636 1059 776 1142 pleraque
785 1078 854 1141 quae
863 1056 932 1120 sunt

137 1165 261 1245 agenda
274 1164 317 1225 rei
331 1162 498 1239 necessaria,
515 1166 620 1226 eadem
635 1164 764 1247 peraeta,
779 1184 834 1226 nec
848 1164 931 1227 utili·

138 1280 232 1329 tatem
261 1289 375 1351 parem,
400 1290 454 1331 nec
472 1270 600 1351 gratiam
625 1270 761 1332 retinent.
811 1269 871 1347 Ac,
893 1292 932 1334 ne

136 1376 258 1457 longius
284 1376 422 1458 exempla
436 1388 617 1459 repetamus,
639 1375 712 1456 quid
737 1375 839 1437 utilius
860 1374 930 1453 suit,

137 1501 231 1561 quam
246 1480 459 1542 munificentiae
474 1481 621 1544 rationem
640 1481 732 1542 etiam
746 1478 813 1542 stilo
835 1480 932 1562 prose-

138 1586 211 1668 qui?
237 1584 295 1647 Per
308 1586 367 1647 hoc
380 1586 462 1647 enim
477 1584 714 1669 assequebamur,
736 1585 883 1669 primum,
899 1596 933 1648 ut

139 1689 266 1751 honestis
275 1690 502 1772 cogitationibus
513 1691 888 1767 immoraremurtdeinde‚
898 1705 933 1755 ut

138 1794 393 1877 pulchritudinem
417 1795 538 1856 illarum
563 1796 696 1878 longiore
717 1796 815 1859 traslu
833 1798 932 1879 pervi-

137 1901 295 1962 deremus:
318 1898 477 1983 postrem0,
493 1912 527 1961 ut
541 1897 645 1963 subitae
658 1902 822 1984 largitionis
835 1902 932 1966 comi·

137 2017 201 2065 tem
224 2005 434 2087 poenitentiam
458 2026 641 2067 caveremus.
687 2005 873 2071 Nascebatur
894 2029 932 2072 ex

137 2110 185 2171 his
199 2110 371 2172 exercitatio
384 2112 523 2193 quaedam
538 2114 765 2175 contemnendae
784 2115 929 2196 pecuniae.

137 2214 225 2277 Nam
251 2234 323 2277 cum
345 2235 450 2278 omnes
464 2216 603 2279 homines
630 2219 668 2278 ad
689 2216 852 2281 custodiam
866 2219 931 2303 ejus

138 2331 245 2382 natura
269 2318 459 2396 restrinxerit,
481 2341 537 2384 nos
558 2334 662 2385 contra
684 2325 816 2387 multum
831 2344 866 2387 ac
879 2324 934 2388 diu

139 2423 298 2507 pensitatus
308 2444 394 2487 amor
408 2425 593 2489 liberalitatis
607 2428 819 2492 communibus
833 2429 932 2492 avari·

140 2530 189 2591 tiae
216 2530 346 2592 vinculis
375 2531 546 2594 eximebat:
584 2541 726 2615 tantoque
753 2532 934 2599 laudabilior

142 2635 347 2698 munificentia
371 2634 469 2699 nostra
494 2632 558 2699 sore
587 2637 756 2714 videbatur,
785 2641 865 2722 quod
894 2640 932 2701 ad

141 2740 225 2803 illam
236 2762 298 2804 non
308 2743 423 2824 impetu
436 2743 580 2825 quodam,
597 2740 644 2804 sed
660 2742 779 2807 consilio
793 2744 933 2806 traheba-

141 2865 220 2908 mur.
266 2845 438 2908 Accedebat
460 2847 507 2909 his
530 2846 633 2924 caufis,
656 2851 736 2933 quod
763 2867 824 2911 non
845 2848 933 2912 ludos

140 2964 189 3014 aut
203 2952 393 3036 gladiatores,
409 2950 458 3017 sed
469 2937 585 3019 annuos
596 2951 729 3037 sumptus
745 2954 777 3016 in
791 2951 934 3018 alimenta
1042 3012 1044 3018 ,
