2317 3767
359 254 722 324 ‘ireenvn
907 274 974 345 249

177 412 259 478 mine
280 412 430 478 extIndio:
457 416 573 480 audires
598 417 730 480 ululatur
756 412 966 494 soeminarum,

177 516 338 582 infantium
359 521 533 604 querimus,
563 523 709 585 clamores
732 520 884 585 virorum:
915 521 967 586 alii

176 635 320 706 parentes,
338 626 523 703 alii-liberos,
546 628 597 690 alii
622 612 763 712 conjuges
776 628 900 691 vocibus
917 648 965 692 re·

176 729 341 810 quirebant‚
354 733 477 795 vocibus
488 731 686 796 noscitabant:
711 733 743 795 hi
754 731 840 795 suum
850 730 963 810 casum,

175 834 218 896 illi
232 834 352 898 suorum
368 832 600 901 miserabantur:
623 850 707 900 erant
719 836 771 922 qui
785 850 868 901 metu
881 858 964 901 mor·

174 941 212 1003 tis
227 956 354 1005 mortem
368 956 565 1024 precarentur.
609 943 707 1007 Multi
719 944 757 1005 ad
771 944 843 1004 deos
856 962 964 1005 manua

173 1046 295 1109 tollere:
314 1047 414 1129 plures
427 1046 573 1130 nusquam
591 1048 657 1133 jam
678 1049 749 1110 deos
764 1048 853 1124 ulios,
875 1060 962 1111 aeter·

173 1168 305 1234 namque
328 1152 411 1213 illam
440 1153 470 1215 &
495 1151 684 1217 novisfimam
706 1153 826 1214 nodtem
848 1155 963 1217 mundo

172 1256 451 1338 interpretabantur.
472 1255 543 1321 Nec
555 1252 715 1318 defuerunt
727 1256 779 1338 qui
789 1256 866 1320 fietis
874 1278 963 1320 men·-

171 1360 287 1445 titisque
299 1363 458 1424 terroribus
469 1361 675 1445 verapericula
683 1371 833 1444 augerent.
876 1361 960 1425 Ade-

172 1478 240 1528 rant
252 1468 305 1550 qui
325 1466 437 1531 Miseni
456 1468 531 1531 illud
549 1465 648 1542 fuiiie,
664 1465 738 1528 illud
757 1466 857 1527 ardere
874 1463 958 1544 falso,

170 1568 220 1631 sed
230 1573 427 1649 credentibus,
444 1573 634 1636 nunciabant.
667 1570 829 1633 Paululum
839 1570 959 1648 reluxit,

171 1676 253 1755 quod
266 1696 327 1737 non
342 1678 404 1738 dies
418 1678 516 1753 nobis,
528 1675 576 1739 sed
591 1676 777 1739 adventantis
790 1674 867 1758 ignis
881 1676 960 1739 indi·

170 1779 254 1841 cium
268 1781 440 1843 videbatur:
463 1783 494 1844 δι
513 1782 589 1863 ignis
603 1781 725 1864 quidem
750 1780 868 1864 longius
889 1778 960 1845 sub-

169 1883 262 1947 stitit:
287 1887 416 1947 tenebrae
439 1884 548 1960 rursus,
567 1885 643 1947 cinis
667 1883 765 1948 rursus
789 1886 901 1948 multus
928 1887 959 1950 &

166 1990 286 2072 gravia:
325 1991 406 2053 hunc
434 1990 596 2053 identidem
622 1989 800 2073 aiiurgentes
827 1993 959 2056 excutie-

167 2092 287 2173 banis,
315 2096 408 2179 operti
423 2095 545 2179 alioqui,
566 2108 654 2180 atque
674 2095 765 2158 etiarn
779 2095 862 2158 obliti
881 2116 959 2180 pon·

167 2203 236 2264 dere
250 2186 388 2266 effemus.
432 2200 549 2264 Poiiem
570 2201 702 2284 gloriari,
728 2221 789 2263 non
812 2202 958 2285 gemitum

168 2308 256 2382 mihi,
279 2328 341 2372 non
355 2328 459 2371 vocem
474 2327 580 2392 parurn
596 2304 705 2370 fortem
725 2306 758 2368 in
776 2304 866 2369 tantis
880 2306 958 2390 peri-

168 2412 243 2473 culis
268 2412 414 2491 excidisse,
434 2413 490 2476 nist
513 2434 563 2475 me
587 2433 658 2474 cum
681 2411 834 2487 omnibus,
855 2414 959 2477 omnia

96 2560 98 2567 s
168 2535 289 2578 mecum
302 2518 394 2601 perire
408 2517 526 2597 misero,
543 2537 655 2600 magno
673 2529 774 2579 tamen
791 2517 958 2579 mortalita-

168 2621 206 2684 tis
231 2620 334 2687 solatio
360 2624 556 2689 credidiffem.
580 2676 584 2684 .
608 2621 753 2686 Tandem
781 2620 832 2682 illa
862 2622 958 2704 caligo

166 2739 287 2790 tenuata
300 2728 380 2812 quast
402 2729 434 2791 in
458 2726 592 2805 fumum,
613 2727 793 2789 nebulamve
821 2723 955 2791 decessrtt

165 2830 247 2895 Mox
268 2833 332 2896 dies
350 2853 451 2911 verus,
474 2834 516 2897 sol
530 2835 622 2897 etiam
642 2830 764 2906 effulfit,
784 2828 957 2894 luridum,

165 2956 249 3015 men,
262 2938 361 3022 qualis
386 2937 454 3015 effe,
481 2955 552 3002 curn
573 2936 686 3013 deficit,
711 2933 794 2998 solet.
839 2932 957 3001 Occur-
