2317 3767
402 275 697 323 utuantx.
771 284 773 288 ·
887 275 947 347 373

155 414 319 500 Consulibus
332 429 452 480 tutorem
466 415 693 502 Heluidiifiliae,
711 413 870 501 petentibus
883 439 945 478 ma-

152 533 199 605 tre
215 522 288 604 ejus,
312 523 348 586 &
371 521 497 585 vitrico:
522 545 596 585 nunc
620 545 723 607 quoque
737 545 792 585 non
803 520 946 607 sustinere

152 616 278 710 definere
291 625 375 710 officii
386 625 442 712 sui
455 641 567 712 partes,
592 627 622 690 in
644 652 696 711 quo
711 640 815 704 tumen,
840 630 875 692 ὅ
887 625 945 712 suo
1022 705 1026 712 .
1091 698 1094 707 ἢ

150 732 242 795 dolori
264 733 372 794 modum
386 732 535 816 imponere,
563 735 599 797 &
619 733 786 818 optimorum
801 731 945 817 foemina-

152 860 215 900 rum
229 838 361 923 perferre
377 837 590 922 modestifflmuon
613 838 768 924 offitium.-
789 861 858 922 qaas
879 859 943 899 con·

150 955 242 1013 tentas
259 943 308 1028 ff
322 944 468 1006 admonere
485 943 620 1006 Senatum
634 942 764 1007 Publicii
781 942 862 1012 Certi
874 966 942 1005 cru-

150 1060 222 1109 entae
234 1045 424 1109 adulationis:
448 1048 482 1110 Θ
491 1060 599 1131 petere,
611 1046 644 1131 st
650 1061 738 1131 paena
750 1048 866 1133 flagitii
879 1072 942 1112 ma·

148 1150 311 1236 nfirstiffimi
328 1151 505 1229 remittatur,
529 1166 596 1215 nota
619 1154 701 1216 Certo
720 1153 798 1238 quast
816 1153 942 1240 censoria

148 1254 299 1320 inuratur.
343 1254 433 1321 Tum
458 1255 570 1340 Satrius
597 1253 698 1320 Rufus
721 1259 822 1322 medio
843 1260 941 1322 ambi-

147 1382 266 1445 guoque
280 1361 426 1438 sermone,
443 1361 531 1440 Puto,
547 1352 665 1446 inquit,
683 1362 820 1447 injuriam
824 1364 941 1448 sottum

151 1466 279 1535 Rutticio
295 1469 390 1544 Certo,
404 1468 439 1553 ſs
455 1492 508 1531 non
523 1467 700 1553 absolvitur:
722 1467 879 1533 nominatus
902 1471 942 1552 est

147 1572 184 1634 ab
199 1570 297 1637 amicis
307 1573 417 1649 Arria,
435 1576 470 1641 δ’
481 1573 611 1650 Fannia,
627 1572 784 1637 nominatus
795 1571 942 1636 abomicir

136 1674 216 1760 suis,
243 1700 292 1743 noc
313 1676 439 1741 debemus
451 1678 564 1763 soliciti
583 1680 652 1765 effe.
690 1678 767 1742 Idem
790 1677 938 1755 animnos,

146 1781 197 1865 qui
214 1781 279 1849 bene
292 1780 433 1866 sentimus
452 1784 485 1851 de
504 1782 625 1860 homine,
641 1782 808 1868 judicaturi
815 1784 938 1869 sumust

134 1885 307 1972 ſsinnocens
319 1890 368 1972 est,
374 1887 466 1973 ficati
480 1888 617 1973 &spera
634 1890 669 1952 Θ
683 1890 768 1965 malo,
786 1892 869 1952 donec
881 1889 938 1953 ati-

145 1992 216 2076 quid
229 1992 386 2077 probetur,
407 1980 499 2056 credo·
508 1993 641 2079 poteritis
662 1994 815 2079 absolvere.
859 1993 938 2058 Haec

144 2100 201 2176 illi,
227 2120 288 2183 quo
310 2097 433 2184 quisque
457 2099 561 2163 ordine
585 2100 762 2163 citabantur.
809 2098 938 2162 Venitur

145 2207 256 2281 adme,
272 2204 426 2288 consurgo,
449 2218 515 2268 utor
529 2205 626 2281 initio,
645 2206 726 2290 quod
739 2206 772 2269 in
786 2205 864 2269 libro
877 2205 933 2269 est:

144 2308 304 2393 respondeo
327 2311 460 2394 singulis.
511 2310 644 2387 Mirum,
674 2332 734 2396 qua
758 2311 935 2387 intentione,

145 2415 254 2498 quibus
267 2416 449 2495 clamoribus
462 2416 566 2480 omnia
579 2416 758 2499 exceperint,
777 2416 830 2499 qui
845 2418 937 2479 modo

143 2519 364 2583 reclamabant:
387 2533 471 2583 tanta
489 2519 650 2596 converfiO,
673 2521 723 2583 ¹vel
745 2521 856 2603 negotii
869 2522 935 2604 dig-

143 2625 281 2701 nitatem,
307 2627 356 2688 vel
377 2638 557 2709 proventum
581 2627 736 2702 orationis,
759 2628 808 2690 vel
826 2627 935 2690 nitoris

143 2730 336 2797 constantiam
350 2728 501 2794 subsecuta
514 2731 566 2795 est.
605 2731 632 2795 F
632 2731 717 2806 initu.
756 2731 868 2815 incipit
885 2752 933 2794 re-

141 2834 292 2918 spondere·
308 2833 459 2919 Vejento:
486 2856 576 2900 nemo
596 2837 718 2921 patitur,
743 2837 932 2914 obturbatur,

141 2938 336 3037 obstrepiturt
364 2941 445 3029 adeo
465 2941 601 3025 quidem,
632 2953 668 3005 ut
691 2941 812 3020 diceret,
839 2944 930 3029 Rogo,

495 3044 597 3132 Bb3
