2317 3767
227 270 272 337 82
347 343 351 351 f
398 288 434 334 c.
457 253 573 336 etin.
599 286 864 333 crrsrornn.

227 429 339 498 illuce
364 429 479 516 pascuis
503 452 610 515 pecora
633 430 829 506 conveniunt,
858 427 1026 514 siquando

228 559 352 622 aquam,
367 539 546 601 umbramve
555 535 716 600 secinrtur.
747 533 875 620 Justisne
885 535 1026 602 decausis

228 663 300 707 curn
313 644 370 708 tibi
380 645 484 707 videor
497 644 638 720 incolere,
652 643 832 718 inhabitare,
847 642 971 725 diligere
980 641 1025 705 se-

228 749 358 814 cessum?
382 770 474 834 quern
493 761 538 826 tu,
559 751 652 813 nimis
667 750 801 812 urbanus
814 769 857 823 es,
879 746 933 810 nifi
952 768 1026 812 con·

228 854 369 940 cupiscit:
394 869 482 939 atque
496 857 614 919 utinam
628 853 828 938 concupiscas,
851 865 886 916 ut
899 865 943 917 tot
957 865 1025 917 tan.

227 960 322 1045 tisque
337 962 457 1025 dotibus
471 962 586 1024 villulae
600 959 706 1023 nostrae
720 960 855 1023 maxima
868 980 1025 1024 commen·

227 1069 309 1131 datio
322 1088 359 1131 ex
372 1079 427 1131 tuo
439 1066 635 1132 contubernio
649 1063 786 1129 accedat!
832 1064 920 1128 Vale.

266 1298 392 1343 xv111.
426 1297 460 1341 c.
483 1297 631 1341 rrimus
660 1294 835 1344 Maurico
861 1293 929 1340 suo
955 1295 984 1339 s.
1058 1284 1060 1287 ’

232 1441 361 1572 Qum
390 1493 408 1556 i
432 1502 462 1550 te
483 1487 646 1571 jucundius
671 1487 748 1551 mihi
772 1487 869 1571 potuit
893 1486 1022 1572 injungi,

228 1617 320 1681 quam
340 1606 374 1657 ut
392 1604 604 1678 praeceptorem
617 1590 717 1656 fratris
730 1592 776 1656 tui
790 1593 891 1656 liberis
909 1612 1025 1676 quaere·

131 1743 134 1749 ι
229 1703 313 1763 rem?
339 1700 427 1763 Nam
441 1696 587 1761 beneficio
601 1710 655 1762 tuo
669 1701 701 1764 in
714 1699 848 1762 scholam
862 1699 970 1761 redeoz
992 1699 1025 1763 ὅτ

227 1805 311 1867 illam
326 1803 524 1868 dulcissunam
539 1816 659 1866 aetatem
670 1804 751 1888 quast
762 1803 890 1868 resumo.
927 1802 1025 1871 sedeo

227 1910 305 1994 inter
317 1911 446 1995 juvenes
459 1917 495 1977 'ut
507 1909 658 1976 solebam:
684 1924 773 1995 atque
787 1911 879 1974 etiam
889 1911 1025 1995 experior

226 2029 375 2101 quantum
389 2019 467 2102 apud
490 2018 558 2080 illos
580 2018 764 2086 auctoritatis
785 2039 824 2082 ex
844 2017 946 2082 studiis
967 2020 1052 2082 ha.'

227 2124 327 2185 bearn.
372 2121 460 2187 Nam
482 2124 618 2206 proxime
633 2121 782 2207 frequenti
805 2124 955 2187 auditorio
975 2125 1023 2188 in-

227 2241 272 2291 ter
285 2226 328 2304 se,
350 2248 452 2291 coram
467 2229 571 2292 multis
594 2229 707 2292 ordinis
726 2228 828 2305 nostri,
849 2230 926 2292 clare
936 2229 1023 2315 joca-

226 2335 345 2397 bantur.
381 2332 510 2410 Intravi,
535 2334 754 2398 conticuerunt.
789 2333 883 2419 Qrod
897 2354 959 2398 non
973 2356 1023 2400 re·

226 2436 348 2517 ferrem,
372 2439 426 2503 nisr
446 2441 484 2504 ad
503 2440 626 2504 illorum
651 2442 748 2525 magis
771 2441 905 2517 laudem,
929 2462 1023 2525 quarn

227 2545 265 2607 ad
280 2565 380 2608 meam
402 2545 572 2630 pertineret,
597 2568 632 2610 ac
651 2545 705 2610 nisr
726 2545 839 2632 sperare
853 2559 884 2610 te
897 2547 1022 2624 vellem,

226 2650 306 2735 posse
330 2648 430 2715 fratris
459 2652 504 2716 tui
529 2651 608 2716 filios
637 2654 730 2741 probe
754 2650 874 2716 discere.
926 2650 1023 2738 Qtod

225 2754 362 2841 superest,
387 2777 458 2819 cum
475 2778 593 2834 ornnes,
613 2755 675 2842 qu'i'
687 2757 865 2842 profitentur
885 2758 1020 2836 audiero,

225 2863 298 2947 quid
313 2864 350 2925 de
363 2884 482 2948 quoque
494 2861 632 2941 sentiam,
651 2863 796 2928 scribamr
821 2861 1023 2949 efficiamque,

226 2980 373 3051 quantum
398 2981 499 3032 tamen
524 2968 646 3052 epistola
675 2968 815 3055 consequi
843 2983 958 3056 potero,
989 2983 1026 3035 ut
