2317 3767
209 243 270 329 258
378 265 412 309 c
442 264 557 313 reru
585 267 849 317 urrsrosar

206 405 282 482 bito,
297 405 427 469 debuisie
452 407 549 471 mein
562 421 659 494 partes
674 408 786 474 consilii
805 412 851 476 tui
876 433 999 561 ponere,

206 511 280 594 quid
293 509 352 595 ipse
365 509 508 578 fecissem.
553 513 649 579 Vale

253 741 394 788 xxvnr.
431 744 465 790 c.
491 745 641 790 PLINIUS
665 746 803 793 PONTIO
832 748 900 794 SUO
923 750 951 795 S.

214 891 315 1006 Sero
331 956 400 1018 quae
413 936 468 998 tibi
482 933 568 998 causa
587 935 677 1001 suerit
691 936 917 1021 impedimento,
940 958 1002 1022 quo

207 1043 308 1108 minus
322 1061 498 1125 praecurrere
513 1044 676 1106 adventum
697 1064 800 1107 meum
815 1044 846 1105 in
867 1042 1002 1126 Campa·

207 1149 291 1212 niam
303 1146 415 1231 posses:
443 1145 492 1209 sed
514 1169 687 1232 quanquam
712 1146 816 1213 absens
840 1160 920 1212 totus
941 1148 1002 1210 hue

208 1252 348 1337 migrasti,
375 1264 492 1316 tantum
507 1254 585 1315 mihi
610 1255 764 1337 copiarum
789 1266 851 1316 tam
874 1255 1002 1317 urbana-

200 1380 269 1422 rum
283 1379 377 1444 quam
391 1358 577 1434 rusticarum,
595 1359 717 1422 nomine
728 1369 781 1420 tuo
795 1359 930 1422 oblatum
949 1358 1000 1436 esi,

207 1485 281 1549 quas
305 1478 412 1528 omnes
440 1463 574 1547 improbe
603 1463 738 1547 quidem,
762 1465 861 1548 accepi
886 1476 999 1526 tamen.

208 1568 296 1636 Nam
314 1570 435 1645 metui,
461 1581 495 1631 ut
514 1569 555 1631 ita
569 1566 698 1632 facerem
713 1572 874 1652 rogabant:
904 1572 935 1634 δι
948 1591 1002 1633 ve·

207 1677 293 1740 rebar
306 1695 345 1738 ne
357 1676 389 1739 δι
403 1674 479 1737 inihi
493 1675 524 1738 δι
535 1674 596 1737 illis
614 1673 790 1751 irascereris,
806 1674 827 1738 si
841 1696 902 1739 non
917 1672 1002 1738 secis-

207 1780 280 1845 sem.
326 1780 367 1846 In
380 1779 528 1865 posterum
542 1779 595 1843 nisi
609 1780 781 1844 adhibueris
794 1782 932 1856 modum,
947 1800 1003 1863 ego

126 1912 130 1919 a
208 1888 368 1951 adhibebo.
424 1874 527 1951 Etiain
551 1886 612 1949 tuis
639 1886 829 1961 denunciavi,
859 1884 881 1948 s1
905 1883 1003 1947 rursus

208 2004 272 2054 tam
286 1994 383 2055 multa
396 1991 570 2069 attulissent,
593 1993 697 2055 omnia
710 1992 866 2055 relaturos.
897 1991 1001 2067 Dices,

209 2109 332 2183 oportere
351 2097 465 2161 metuis
482 2096 566 2161 rebus
580 2110 612 2160 ut
626 2096 694 2161 mess
705 2096 759 2160 uti.
803 2096 929 2167 Etiam:
953 2095 1002 2165 sed

207 2203 330 2287 perinde
340 2202 399 2265 iilis
411 2223 445 2263 ac
459 2201 534 2264 meis
545 2221 645 2285 parco.
692 2200 780 2264 Vale.

237 2433 349 2479 <xxm
380 2433 414 2477 C·
433 2432 582 2477 PLINIUS
605 2430 813 2492 QJADRATO
840 2433 908 2489 SUO
937 2434 967 2480 S<

211 2576 412 2691 Avrnrus
435 2624 577 2709 Quietus,
601 2625 653 2709 qui
668 2644 717 2686 me
731 2623 817 2686 unice
832 2624 947 2700 dilexit,
959 2625 1001 2699 tc,

208 2753 269 2816 quo
279 2751 340 2794 non
356 2731 458 2794 minus
476 2730 604 2812 gaudeo,
626 2728 775 2813 probavit,
792 2742 825 2791 ut
840 2731 935 2793 multa
946 2730 1004 2793 alia

209 2834 354 2903 Thraseae
371 2832 444 2920 (fuit
457 2834 538 2896 enim
554 2828 724 2912 familiaris)
740 2834 780 2896 ita
794 2834 851 2897 hoc
872 2832 947 2919 saepe
957 2854 1005 2898 re·

210 2937 347 3021 serebat,
363 2938 521 3022 praecipere
550 2936 684 3014 solitum,
725 2936 917 3024 suscipiendas
947 2937 1005 3001 effe
