2317 3767
413 278 710 330 errrurv.
897 281 956 350 137

160 444 268 489 omnes
293 424 428 508 Regulus
451 424 529 488 circa
552 442 661 507 rogum
675 420 845 488 trucidavit.
886 417 958 488 Nee

162 534 250 603 dolor
267 546 331 594 erat
343 530 407 608 ille,
430 528 479 593 sed
493 528 650 594 ostentatio
663 528 786 593 doloris.
831 526 957 614 Conreg

164 640 246 702 nitur
268 639 306 701 ad
321 657 393 701 eum
408 637 486 701 mira
506 635 688 699 celebritate.
733 632 848 700 Cureti
863 633 958 700 detes·

164 756 277 822 tantur,
295 746 445 808 oderunt:
471 743 514 820 δι,
537 739 619 826 quafi
631 742 770 827 probent,
792 740 874 826 quati
887 742 957 806 dili·

163 864 247 934 gant,
259 849 388 927 cursant,
403 846 604 932 frequentant,
620 859 712 933 utque
722 846 864 926 breviter,
876 849 957 932 quod

163 953 268 1031 sentio,
284 954 455 1032 enuntiem,
471 955 503 1017 iu
516 953 635 1037 Regulo
645 955 837 1032 demerendo,
853 953 958 1039 Regu-

163 1062 230 1125 lum
256 1062 423 1124 imitantur.
467 1058 573 1124 Tenet
593 1058 622 1124 se
644 1070 728 1122 traua
749 1056 903 1145 Tyberim
925 1059 958 1124 in

163 1168 273 1244 hortis,
294 1167 326 1229 in
348 1167 456 1251 quibus
477 1158 652 1229 latiffuuum
677 1163 773 1229 solum
795 1165 958 1250 porticibus

164 1272 331 1350 immensu,
350 1268 446 1357 ripam
471 1271 573 1334 statuis
587 1269 647 1334 suis
668 1271 841 1355 occupavit:
870 1285 904 1335 ut
917 1270 959 1337 e'st

164 1380 196 1441 in
216 1377 335 1442 summa
354 1375 479 1441 avaritia
501 1374 701 1461 sumptuosus,
724 1377 756 1439 in
775 1374 893 1440 summa
910 1377 959 1440 in-

164 1482 257 1548 famia
269 1481 425 1569 gloriosus.
472 1478 572 1545 Vexat
584 1502 656 1567 ergo
668 1482 822 1546 civitatem
835 1482 869 1544 in
880 1479 959 1546 salu·

165 1592 297 1653 berrimo
309 1603 454 1673 tempore,
477 1589 605 1673 &quod
618 1602 721 1666 vexat,
741 1586 881 1652 solatium
899 1608 957 1673 pu-

163 1708 221 1759 tat.
267 1694 350 1759 Dicit
364 1694 393 1757 se
407 1696 487 1758 velle
508 1696 616 1758 ducere
627 1715 774 1760 uxorema
794 1695 853 1761 hoc
871 1716 948 1781 quo·

163 1822 238 1887 que,
262 1799 334 1865 ficut
353 1801 424 1878 alia,
448 1799 594 1885 perverse.
638 1800 755 1865 Audies
769 1801 855 1866 brevi
880 1821 960 1886 nup·

163 1908 222 1971 tias
244 1908 387 1991 lugentis,
411 1907 532 1991 nuptias
552 1905 648 1970 senise
674 1927 804 1991 quorum
817 1908 957 1986 alterum,

98 2086 109 2107 ο
163 2016 375 2091 immaturum,
401 2015 543 2090 alterum,
568 2010 667 2076 serum
691 2011 743 2076 est.
788 2011 880 2078 Unde
901 2014 961 2078 hoc

163 2141 303 2206 augurer,
319 2119 450 2205 quaeris?
475 2139 537 2182 non
550 2117 624 2203 quia
646 2114 777 2182 affirmat
793 2115 865 2204 ipse,
887 2120 961 2204 (quo

164 2227 338 2291 mendacius
354 2225 431 2289 nihil
444 2222 496 2303 est)
518 2223 567 2287 sod
585 2224 657 2309 quia
669 2236 786 2289 certum
799 2222 841 2288 est
856 2223 960 2309 Regu·

165 2334 230 2396 lum
244 2331 302 2395 effe
316 2329 481 2408 satiurum,
502 2330 646 2416 quicquid
666 2328 732 2395 fieri
755 2349 818 2395 non
831 2341 958 2415 oportet.

168 2436 256 2504 Vale.

219 2671 291 2715 111.
328 2668 362 2714 C·
387 2668 535 2714 PLINIUS
559 2666 757 2715 automno
781 2666 851 2714 800
875 2663 904 2710 ⁸.

168 2816 307 2949 Quor>
335 2860 427 2925 semel
446 2874 535 2947 atque
548 2861 660 2925 iterum
675 2856 792 2926 Consul
812 2854 904 2933 fuisti,
921 2854 959 2920 fi·

164 2969 246 3034 miiia
267 2968 412 3052 antiquis,
440 2969 522 3052 quod
550 2963 714 3032 Propousul
741 2962 834 3041 Asta,
862 2962 958 3047 qualis
