2317 3767
204 261 267 330 240
376 260 838 314 c.rttu.r1³1sro'raa.

201 401 275 475 mali
294 420 406 486 motus,
432 429 539 474 omnes
560 408 681 493 figuras,
702 420 737 472 ut
749 402 994 492 'deprehenderat

201 516 307 593 oculis,
352 515 476 578 dictaret
508 527 708 599 enotaretque.
767 514 838 598 Jam
867 512 995 579 navibus

200 620 277 683 cinis
298 617 452 696 inciderat,
469 641 530 705 quo
551 621 671 704 propius
684 621 846 698 accederet,
870 621 995 684 calidior

201 726 233 789 δι
244 724 368 800 denfior,
383 725 450 809 jam
463 726 598 809 pumices
608 720 711 801 etiam,
735 724 870 808 nigrique
883 726 914 789 δι
927 746 994 788 am-

201 829 289 907 busti,
308 832 339 896 &
352 828 439 893 fracti
453 831 521 913 igne
535 826 658 913 lapides.
702 830 774 911 Jam
787 831 900 893 vadum
914 828 994 892 subi-

202 950 281 1013 tum
300 937 443 1020 ruinaque
456 936 568 1001 montis
587 937 675 1000 litora
694 935 850 1012 obstantia,
870 935 994 999 cuncta*

203 1038 306 1125 tusque
315 1042 451 1125 paulum,
464 1062 501 1103 an
509 1054 588 1104 retro
601 1041 742 1119 flecteret,
758 1062 831 1108 mox
844 1044 992 1126 guberna-

203 1142 272 1224 tori,
293 1159 327 1210 ut
340 1146 382 1209 ita
395 1144 505 1209 faceret
517 1148 665 1222 monenti,
681 1147 791 1223 Fortes,
805 1143 914 1231 inquit,
921 1147 993 1231 for-

202 1266 274 1316 tuna
293 1240 410 1337 juvati
428 1252 649 1339 Pomponianum
668 1266 743 1339 pete.
787 1253 896 1316 Stabiis
916 1265 992 1329 erat,

202 1358 367 1442 diremptus
380 1359 444 1421 sinu
461 1359 572 1421 medio,
616 1357 703 1422 Nam
715 1357 818 1421 senfim
830 1358 994 1425 circumac-

203 1463 242 1527 tis
255 1458 439 1548 curvatisque
461 1463 597 1526 litoribus
611 1478 695 1526 mare
714 1459 890 1526 infunditur.
930 1461 992 1539 Ibi,

202 1562 374 1654 quanquam
402 1570 538 1631 nondum
570 1568 702 1651 periculo
729 1568 1000 1663 appropinquante,

202 1675 360 1759 conspicuo
383 1686 495 1750 tamen,
518 1675 549 1737 δι
571 1694 642 1737 cum
663 1667 813 1749 cresceret,
844 1674 993 1757 proximo,
1101 1666 1109 1673 ’

203 1779 329 1844 sarcinas
352 1781 517 1843 contulerat
543 1779 574 1842 in
603 1800 706 1855 naves,
730 1794 827 1843 certus
854 1776 992 1863 sugae,fi

202 1886 367 1950 contrarius
395 1880 502 1949 ventus
528 1884 693 1949 resedissett
718 1906 780 1969 quo
800 1897 872 1947 tunc
897 1905 992 1947 avun-

202 1994 288 2057 culus
312 2014 399 2056 meus
418 1990 621 2055 secundissumo
634 1991 768 2054 invedlus
787 1990 993 2073 completiitur

202 2092 411 2182 trepidantem,
426 2095 605 2182 consolatur,
620 2098 775 2160 hortatur:
797 2108 888 2179 utque
901 2095 991 2159 timo·

202 2222 267 2265 rem
274 2200 352 2287 ejus,
366 2201 416 2266 sua
430 2202 582 2265 securitate
600 2202 716 2279 leniret,
731 2197 838 2264 deferri
853 2200 881 2264 se
893 2201 924 2264 in
937 2190 991 2265 ba-

202 2308 318 2371 lineum
337 2300 436 2392 j'ubet,
460 2309 538 2371 lotus
558 2310 693 2385 accubat,
708 2321 818 2385 coenat,
840 2322 928 2392 atque
942 2309 991 2372 hi·
1010 2380 1014 2385 ,

202 2415 284 2491 laris,
295 2427 358 2491 aut,
373 2414 453 2498 quod
464 2410 505 2477 est
515 2434 600 2498 aeque
610 2434 766 2498 magnum,
778 2413 880 2476 fimilia
891 2413 991 2476 hilari.

205 2518 355 2584 interime
367 2517 498 2582 Vesuvio
509 2533 610 2583 monte
618 2520 752 2603 pluribus
760 2518 834 2581 locis
847 2517 992 2582 latiffimae

203 2618 354 2702 flammae,
369 2626 486 2710 altaque
510 2625 648 2688 incendia
667 2626 850 2701 relucebant,
865 2645 992 2709 quorum
1007 2659 1010 2665 ·

202 2727 302 2815 fulgor
325 2730 499 2796 &claritas
523 2731 652 2794 tenebris
677 2731 772 2794 noclis
796 2731 989 2793 excitabatur.

206 2837 263 2902 Ille
278 2834 434 2920 agrestium
447 2835 653 2919 trepidatione,
676 2836 739 2919 igni
757 2836 876 2899 relicino
897 2832 993 2898 deser·

184 2939 187 2945 ’
205 2940 305 3025 tasque
318 2941 405 3004 villas
428 2960 480 3025 per
504 2938 694 3005 solitudinem
712 2943 825 3019 ardere,
848 2941 882 3005 in
893 2959 1006 3006 remes⁸
