2317 3767
429 337 695 385 crater.
936 340 956 404 ς

164 477 318 542 exolescit:
353 480 538 544 novitatibus
573 481 750 556 excitantur,
780 481 959 565 probarique
1036 501 1043 518 ’

163 585 292 647 dominis
307 606 360 668 per
374 586 449 648 alios
464 586 573 669 magis,
594 607 687 671 quam
707 607 759 669 per
782 584 858 669 ipsos
871 586 957 649 labo-

158 703 237 752 rant.
285 689 374 752 Vale.

163 919 201 964 V·
227 917 261 962 C·
287 917 437 963 PLINIUS
458 918 626 966 voc0N10
651 918 809 966 ROMANO
832 919 901 966 SUO
923 921 953 965 S.

162 1062 392 1175 Vrmsrmr
419 1131 591 1194 quenquam
612 1110 722 1174 Marco
740 1110 956 1194 Regulotimi-

162 1214 291 1291 diorem,
300 1215 549 1301 humilioremque
558 1217 798 1300 postDomitiani
807 1230 953 1281 mortem:

162 1317 218 1381 sub
232 1340 294 1403 quo
307 1341 369 1383 non
383 1322 499 1384 minora
514 1321 627 1404 flagitia
642 1321 841 1398 commiserat,
863 1345 956 1406 quam

162 1423 218 1487 sub
249 1424 387 1503 Nerone,
415 1426 463 1489 sed
485 1427 620 1489 tetriora.
667 1424 773 1507 Coepit
801 1428 894 1512 vereri
919 1449 957 1491 ne

163 1528 218 1593 srbi
232 1528 385 1594 irascerer:
412 1552 466 1594 nec
491 1527 662 1608 fallebatur,
686 1529 840 1594 irascebar.
878 1530 957 1593 Rus-

164 1636 218 1698 tici
245 1634 373 1698 Aruleni
409 1637 576 1721 periculum
607 1634 734 1713 foverat,
772 1638 957 1700 exultaverat

167 1752 276 1816 morte,
300 1743 375 1804 adeo
393 1754 428 1804 ut
446 1723 558 1804 librum
572 1742 708 1803 recitaret
720 1743 955 1826 publicamque,

165 1846 275 1929 inquo
297 1845 452 1909 Rusticum
472 1847 642 1921 inferiatur,
666 1858 754 1930 atque
770 1848 862 1911 etiam
878 1849 956 1912 troi·

163 1950 378 2037 corumstmiam
399 1952 538 2035 appellat.
572 1950 687 2036 Adjicit
702 1950 864 2015 Vitelliana
876 1954 955 2018 cica-

163 2059 237 2120 trice
251 2056 433 2140 stigmosum.
466 2055 610 2141 Agnoscis
621 2058 820 2140 eloquentiam
832 2057 954 2141 Reguli.

165 2164 294 2229 Lacerat
316 2162 507 2226 Herennium
522 2160 716 2226 Senecionem
724 2175 793 2225 -tam
809 2164 956 2247 intempe-

164 2282 266 2332 ranter
286 2269 421 2353 quidem,
451 2281 484 2330 ut
509 2268 617 2331 dixerit
645 2269 671 2330 ei
696 2267 814 2358 Metius
842 2267 954 2345 Carus,

165 2375 255 2464 Quid
273 2375 329 2438 tibi
341 2398 402 2437 cum
425 2373 492 2436 meis
514 2373 660 2437 mortuis?
688 2362 817 2457 nunquid
831 2398 879 2458 ego
903 2389 956 2438 aut

167 2481 264 2567 Craffo
289 2494 341 2543 aut
367 2478 514 2545 Camerino
538 2481 662 2565 melesius
673 2478 774 2563 sum?
805 2500 880 2562 quos
904 2480 956 2543 ille

166 2585 220 2649 sub
248 2586 373 2651 Nerone
401 2585 596 2649 accusaverat.
648 2584 726 2649 Haec
751 2605 800 2647 me
820 2584 956 2669 Regulus

168 2692 302 2754 dolenter
323 2691 419 2754 tulisse
443 2695 597 2756 credebat:
628 2693 753 2776 ideoque
770 2692 861 2754 etiam
882 2711 953 2752 cum

165 2798 302 2860 recitaret
336 2798 459 2875 librum,
507 2820 568 2862 non
607 2799 790 2862 adhibuerat.
843 2796 954 2858 Prete-

165 2923 217 2966 rea
241 2903 483 2968 reminiscebatur
504 2926 596 2989 quam
615 2901 888 2989 capitaliter'ipsum
903 2924 953 2967 mc

164 3010 248 3095 apud
268 3011 469 3075 centumviros
494 3009 654 3082 lacessisset.
699 3008 832 3075 Aderam
845 3006 952 3072 Arrio-
