2317 3767
430 285 620 333 arsen
666 286 703 333 v.
898 265 957 353 185

167 450 244 515 quos
268 430 368 513 plures
394 429 515 507 habere,
540 431 645 494 multis
664 426 837 516 gloriosum,
861 448 959 514 reprc-

168 536 301 601 henfioni
315 535 429 599 nemini
441 533 510 599 fuit.
556 535 646 602 Vale.

218 769 276 816 IV·
309 767 343 814 C.
369 767 516 813 PLINIUS
542 767 762 815 VALERIANO
787 765 854 812 SUO
878 766 908 812 8·

172 913 269 1024 Rus
292 981 394 1045 parva,
416 959 465 1022 sed
479 960 599 1024 initium
612 979 675 1025 non
688 982 826 1047 parvum.
863 960 961 1025 Solers

169 1066 218 1128 vir
230 1067 385 1149 praetorius
403 1065 421 1130 ai
445 1066 555 1133 Senatu
579 1069 675 1150 petiit,
700 1080 733 1132 ut
747 1068 799 1131 srbi
814 1066 961 1131 instituere

170 1172 204 1233 in
218 1172 297 1252 agris
309 1170 367 1235 suis
388 1172 536 1235 nundinas
555 1174 783 1256 permitteretur.
829 1172 960 1239 Contra·

165 1277 305 1342 dixerunt
329 1276 558 1342 vicentinorum
586 1278 696 1362 legati:
730 1275 827 1341 adfuit
852 1276 958 1343 Thus·

165 1383 253 1446 cilius
266 1382 470 1448 Nominatus:
496 1385 588 1447 dilata
610 1382 767 1447 causaest.
814 1381 885 1447 Alio
905 1383 959 1446 Se·

170 1495 243 1552 natu
254 1488 409 1552 Vicentini
420 1489 479 1554 fine
493 1481 637 1555 advocato
651 1491 849 1553 intraverunt:
876 1487 958 1552 Dix-

168 1592 307 1678 eruntse
330 1594 464 1680 deceptos,
496 1595 605 1681 lapline
627 1598 730 1674 verbo,
757 1615 796 1658 an
821 1592 892 1678 quia
917 1592 959 1656 ita

169 1698 354 1763 sentiebant?
368 1699 544 1785 Interrogati
558 1704 576 1765 Ξ
590 1700 710 1787 Nepote
725 1701 867 1777 Praetore,
883 1723 962 1785 quem

170 1807 339 1893 docuiffentr
361 1806 581 1893 responderunt,
602 1832 680 1892 quem
692 1808 788 1894 prius.
829 1807 962 1873 Interro-

170 1915 243 1997 gati,
259 1937 297 1976 an
311 1927 378 1977 tunc
387 1914 484 1997 gratis
496 1914 650 2001 odfuiffet:
670 1913 893 1999 responderunt,
907 1914 963 1976 Sex

120 2001 123 2010 s
170 2018 294 2083 millibus
308 2019 458 2085 nummrim.
502 2021 555 2086 An
569 2020 667 2084 rursus
678 2020 790 2106 aliquid
800 2020 961 2107 dediffentlt

171 2126 323 2203 dixerunt,
343 2126 417 2191 mille
435 2127 575 2192 denarios.
612 2127 720 2212 Nepos
738 2125 907 2210 postulavit,
929 2140 963 2192 ut

171 2233 359 2299 Nominatus
387 2233 584 2298 induceretur.
629 2228 787 2299 Hadenus
815 2233 869 2296 illo
900 2234 960 2297 die.

173 2339 245 2415 Sed,
271 2351 418 2423 quantum
439 2360 578 2424 auguror,
601 2340 719 2424 longius
744 2360 790 2402 res
812 2337 961 2423 procedet.

173 2443 261 2512 Nam
274 2448 413 2531 pleraque
435 2446 524 2511 tacita
537 2458 656 2510 tantum
678 2466 716 2509 ex
737 2444 865 2508 minimo
878 2465 963 2508 com·

172 2564 268 2631 mota,
304 2552 440 2616 latiffrme
464 2550 593 2637 serpunt.
645 2550 735 2616 Erexi
764 2570 849 2613 aures
882 2562 961 2624 tuas,

172 2660 318 2745 quamdiu
337 2680 418 2723 nunc
431 2671 544 2744 oportet
557 2684 565 2722 z
593 2678 685 2743 quam
697 2657 806 2722 blande
815 2674 910 2737 rogos
929 2664 964 2715 ut

171 2766 288 2850 reliqua
309 2763 476 2849 cognoscas,
498 2763 521 2827 sr
544 2777 646 2827 tamen
668 2785 728 2828 non
747 2773 816 2825 ante
837 2759 877 2821 ob
898 2757 963 2822 haee
996 2757 1000 2774 “

172 2869 234 2956 ipsa
243 2870 359 2934 veneris
369 2868 514 2949 Romam,
529 2867 730 2955 spectatorque
740 2864 880 2933 malueris
892 2863 962 2942 ello

171 2995 264 3061 quam
277 2975 380 3040 lector.
426 2974 515 3039 Vale.
