2317 3767
226 286 269 351 40
378 290 412 337 c.
441 287 557 335 reru.
585 288 850 336 rrrsronnn.

224 446 268 496 tat
293 430 456 496 diverfitate
478 432 639 509 rationum,
667 453 741 517 quaa
761 431 821 495 aeri
844 448 1012 516 magnoque
1091 468 1097 475 ·

216 527 505 624 ⁴judicioaborigine
512 537 658 623 causisque
665 537 770 623 primis
778 537 896 621 repetit,
905 535 1013 601 discer-⁴

223 644 280 720 nit,
301 647 462 729 expendit.=
494 645 545 709 Ad
558 646 624 708 haec
634 665 725 730 quam
739 664 844 727 parcus
856 644 890 706 in
904 643 1009 708 vietur

224 770 316 834 quam
330 752 465 815 modicus
488 753 520 815 in
545 749 647 815 cultu?
670 750 758 814 Soleo
770 748 867 834 ipsum
889 750 1011 814 cubicu-

223 859 288 920 lum
302 858 367 943 ejus
381 857 535 943 ipsumque
548 858 673 935 lestum,
696 870 731 921 ut
743 858 905 941 imaginem
915 877 1024 941 quan·-

222 965 293 1027 dam
315 964 416 1049 priscae
441 962 618 1047 frugalitatis
639 962 775 1048 aspicere.
819 959 920 1027 Ornat
946 962 1012 1025 haec

221 1071 395 1153 magnitudo
408 1070 513 1146 animi,
536 1091 605 1155 quae
626 1069 703 1132 nihil
716 1072 754 1131 ad
774 1068 1011 1144 ostentationem,

221 1176 324 1238 omnia
348 1177 387 1238 ad
407 1174 614 1239 conscientiam
633 1172 740 1239 refert:
770 1174 906 1259 resteque
926 1170 1011 1250 faui,

222 1300 284 1343 non
298 1302 335 1344 ex
354 1283 456 1366 populi
470 1281 603 1346 sermone
618 1283 798 1357 mercedem,
820 1278 869 1343 sed
879 1300 917 1344 ex
931 1277 1012 1343 fano

220 1388 304 1471 petit.
351 1386 390 1451 In
410 1386 539 1465 summa,
559 1408 621 1452 non
640 1386 727 1451 facile
750 1388 817 1471 quis
841 1406 1012 1471 quenquam

219 1512 257 1555 ex
282 1491 342 1556 istis
367 1494 419 1577 qui
440 1492 589 1577 sapientiae
607 1491 736 1556 studium
758 1493 863 1557 habitu
882 1492 1012 1576 corporis

220 1596 395 1683 praeferunt,
421 1599 492 1662 huic
520 1599 586 1661 viro
609 1600 798 1683 comparuit.
841 1598 919 1663 Non
943 1599 1010 1683 qui-

219 1705 289 1767 dem
302 1701 452 1787 gymnafia
461 1702 598 1781 secratur,
614 1717 666 1767 aut
679 1705 820 1787 porticus,
844 1724 900 1766 nec
913 1702 1011 1788 dispu-

218 1809 379 1873 tationibus
401 1809 498 1893 longis
526 1810 654 1874 aliorum
678 1810 775 1873 otium
789 1807 933 1892 suumque
957 1812 1010 1873 dea

218 1914 308 1977 ledlat
320 1939 328 1977 ε
341 1912 390 1979 sed
401 1915 433 1979 in
443 1928 523 1999 toga,
535 1915 716 2001 negotiisque
727 1914 878 1993 versatum
898 1917 1010 1979 multos

218 2020 424 2098 advocatione,
443 2023 542 2105 plures
555 2021 675 2086 consilio
684 2021 782 2107 juvat.
814 2019 944 2086 Nemini
964 2035 1010 2085 ta·

218 2145 289 2187 men
313 2124 435 2190 istorum
448 2125 587 2204 castitate,
603 2127 722 2211 pietate,
738 2126 869 2212 justitia:
891 2124 1011 2193 fortitu·

217 2230 300 2307 dine,
321 2230 412 2306 etiam
426 2232 524 2317 primo
545 2232 612 2295 loco
624 2231 747 2296 cesserit.
792 2232 962 2308 Mirareris,
989 2233 1012 2295 fi

216 2335 377 2415 interesses,
404 2359 464 2424 qua
484 2338 625 2423 patientia
646 2339 724 2406 hanc
745 2336 838 2422 ipsam
864 2339 1010 2402 valetudi-

217 2462 289 2506 nem
305 2443 421 2521 toleret,
445 2457 479 2507 ut
490 2443 586 2507 dolori
600 2442 718 2519 resistat,
743 2458 777 2508 ut
788 2443 866 2508 litim
879 2425 1012 2520 differat,

217 2560 251 2611 ut
261 2547 465 2613 incredibilem
475 2545 606 2613 febrium
616 2551 753 2614 ardorem
766 2537 911 2615 inimotus
924 2570 1010 2634 oper·
1026 2605 1031 2614 .

215 2651 320 2738 tusque
332 2653 520 2720 transmittat.
555 2654 665 2740 Nuper
678 2677 739 2732 me,
762 2654 926 2741 paucosque
945 2676 1011 2719 me·

217 2780 300 2838 cum,
320 2781 396 2846 quos
409 2759 541 2824 maxime
555 2761 665 2845 diligit,
680 2763 849 2839 advocavit,
880 2763 1010 2847 rogavit-

217 2887 276 2950 que
298 2880 333 2930 ut
355 2866 487 2930 medicos
502 2863 722 2933 consuleremus
740 2871 778 2932 de
797 2867 914 2933 summa
928 2869 1010 2931 vale-

216 2972 341 3050 tudinis,
364 2986 409 3051 ut,
433 2971 543 3038 sreffet
561 2971 776 3058 insuperabilis,
800 2974 900 3061 sponte
917 2976 1010 3040 exiret
