2317 3767
207 424 922 501 C.PLINIICAECIL11

427 635 710 685 SECUNDI

168 802 945 892 EPISTOLARUM

326 1016 490 1063 LIBER
535 1020 793 1067 TERTIUS·

207 1232 237 1275 1.
284 1230 318 1274 C·
347 1230 493 1276 PLINIUS
518 1232 708 1279 SECUNDUS
729 1234 908 1282 cnnvlslo

490 1338 557 1384 SUO
585 1341 614 1384 S·

161 1431 220 1547 N
224 1503 342 1562 resero,
371 1508 411 1550 an
433 1489 531 1552 ullum
551 1489 716 1574 jucundius
738 1502 857 1575 tempus
881 1508 951 1552 exe·

157 1592 268 1672 gerim,
285 1613 375 1675 quarn
394 1615 455 1677 quo
467 1616 562 1679 nuper
583 1596 662 1679 apud
679 1594 861 1680 Spurinnam
883 1590 950 1658 fuir

91 1704 96 1710 ’
159 1698 240 1759 adeo
253 1699 370 1781 quidem
393 1715 426 1764 ut
451 1701 605 1765 neminem
619 1703 714 1785 magis
736 1701 769 1765 in
790 1698 952 1778 senesiute,

159 1800 197 1886 (fi
219 1805 308 1866 modo
328 1803 473 1870 senescere
491 1808 596 1871 datum
618 1802 671 1886 est)
695 1807 830 1872 temulari
844 1807 949 1873 velim.

157 1909 253 1975 Nihil
267 1910 307 1974 est
316 1913 398 1975 enirn
411 1914 466 1976 illo
477 1914 547 1977 vitae
559 1933 667 1998 genere
680 1911 855 1977 distinetius.
891 1911 951 1978 Me

157 2031 260 2081 aurern
280 2031 315 2081 ut
338 2032 435 2082 certus
448 2018 575 2084 siderum
589 2016 700 2095 cursus,
720 2019 762 2083 ita
775 2019 837 2082 vita
849 2019 950 2084 homi·

156 2145 235 2188 nurn
248 2123 528 2208 dispositadelesiat,
542 2122 648 2189 senum
654 2120 832 2209 praesertim.
863 2105 951 2189 Narn

151 2231 283 2315 jrivenes
296 2230 406 2306 adhuc,
432 2227 555 2294 confusa
568 2232 708 2315 quaedarn
725 2231 757 2296 ἀ
775 2229 856 2318 quasi
878 2250 952 2295 con·

156 2338 277 2399 turbata
299 2357 360 2399 non
382 2321 536 2400 inderent:
568 2335 687 2401 senibus
707 2337 824 2421 placida
847 2336 951 2400 omnia

157 2441 190 2505 &
212 2443 346 2505 ordinata
366 2443 560 2518 conveniunt,
584 2443 694 2527 quibus
718 2440 861 2506 industria
873 2439 948 2520 sera,

157 2549 252 2632 turpis
276 2549 401 2614 ambitio
430 2547 480 2611 est.
525 2547 618 2613 Hane
646 2547 779 2632 regulam
801 2547 950 2634 Spurinna

155 2653 509 2719 constantiffime·servat.
553 2652 733 2739 Quinetiam
754 2653 947 2740 parva'hrec,

156 2762 272 2846 (parva,
292 2761 391 2825 finon
415 2762 547 2846 quotidie
568 2755 655 2839 fiant)
678 2760 781 2824 ordine
802 2758 947 2843 quodam,

153 2870 187 2933 &
205 2869 288 2932 velut
309 2869 381 2932 orbe
394 2867 578 2952 circunngit.
623 2865 721 2942 Mane
742 2864 854 2929 lesiulo
874 2881 947 2926 con·

156 2977 284 3040 sinetur:
309 2975 385 3037 hora
397 2970 524 3037 secunda
544 2972 659 3038 calceos
683 2968 788 3057 poscit,
813 2967 948 3034 ambulat
