2317 3767
211 272 274 350 290
401 279 848 331 c.1³ntn.nt³1sroesr.

210 426 327 502 tationi,
353 423 403 489 sed
416 426 485 489 fidei
506 426 683 511 veritatique
701 425 913 510 componitur?
950 438 1004 491 cut

210 532 399 616 tregoedirrn,
414 548 484 617 quse
497 546 559 596 non
570 532 766 608 auditorium,
780 530 831 594 sed
844 530 961 595 scenam
975 533 1007 597 ἁ

210 637 343 701 euna?
376 656 431 701 cur
454 638 558 723 lyrica,
587 658 657 720 quae
686 657 748 700 non
773 636 928 716 letiorem,
957 638 1005 701 ie'd

209 743 335 808 chorum
359 744 391 807 δι
415 745 511 836 lyrnm
524 741 666 828 poscunt?
711 741 755 806 At
774 744 885 807 horum
899 745 1005 807 recita·

209 850 253 912 tio
264 847 341 912 usu
327 865 394 933 jam
407 860 523 933 recepta
533 849 593 912 est:
614 868 690 912 num
704 868 775 932 crgo
787 849 953 932 culpandus
963 844 1005 911 est

210 955 262 1017 illc
280 955 333 1039 qui
352 955 462 1038 coepit?
485 972 656 1038 quanquam
671 954 820 1019 orationes
833 972 951 1039 quoque
972 955 1004 1018 ἃ

209 1059 299 1123 nostri
320 1060 454 1144 quidem,
469 1060 500 1124 δι
517 1059 622 1126 Graeci
635 1059 854 1123 lectitavesunt.
894 1059 1003 1144 Super·

115 1249 118 1255 1
210 1161 341 1229 vacuum
354 1178 456 1229 tamen
469 1165 510 1229 est
524 1163 657 1241 recitare,
673 1184 741 1249 quae
755 1164 877 1241 dixeris,
891 1164 1003 1228 etiamst

209 1274 314 1335 cedern
328 1270 445 1348 omnia,
462 1271 483 1334 ss
507 1270 611 1335 iisdem
625 1271 779 1347 omnibus,
802 1270 824 1333 si
844 1270 941 1333 statim
955 1285 1003 1332 re-

210 1377 300 1441 cites:
324 1378 431 1441 fivero
453 1377 550 1440 multa
563 1375 683 1452 inseras,
704 1377 802 1439 multa
811 1389 999 1440 commutes:

160 1522 163 1527 ,
209 1483 392 1569 siquosdam
420 1502 528 1560 novos,
553 1480 695 1566 quosdam
714 1480 845 1558 eosdem,
868 1480 918 1545 sed
941 1480 1003 1566 post

209 1588 478 1673 tempusaffumas,
503 1609 556 1652 cur
577 1587 677 1650 minus
690 1585 851 1671 probabilis
869 1586 903 1651 fit
916 1586 1003 1650 causa

210 1695 352 1758 recitandi
369 1715 437 1778 quae
450 1692 570 1769 dixeris,
587 1714 680 1778 quarn
694 1694 823 1756 edendi?
868 1692 925 1755 Sed
941 1689 1002 1755 dif⁶

210 1801 289 1864 ficile
307 1799 358 1878 est,
385 1811 420 1862 ut
440 1800 536 1863 oratio
558 1802 634 1863 dum
660 1799 811 1875 recitatur,
834 1794 1001 1862 satisfaciat.

210 1905 282 1990 Jam
293 1906 352 1969 hoc
367 1908 405 1969 ad
419 1907 552 1969 laborem
567 1905 717 1969 recitantis
730 1904 867 1989 pertinet,
888 1925 950 1968 non
963 1906 1000 1966 ad

210 2012 356 2074 rationem
368 2030 429 2074 non
439 2012 581 2074 motandi
595 2035 603 2074 s
627 2031 681 2073 nec
692 2030 763 2074 vero
773 2028 828 2094 ego
841 2013 916 2074 dum
927 2010 1002 2073 reci-

211 2132 253 2195 to,
271 2199 272 2202 Ἴ
291 2116 418 2193 laudari,
455 2115 504 2179 sed
529 2118 603 2178 dum
623 2117 717 2200 legor,
740 2115 840 2203 cupio.
895 2116 1001 2199 Itaque

132 2238 160 2302 ῃ
210 2224 329 2288 nullum
353 2221 530 2285 emendandi
543 2241 638 2305 genus
655 2222 781 2286 omitto:
808 2239 844 2285 ac
868 2222 1000 2304 primum

210 2348 278 2414 quae
288 2325 394 2412 scripsi,
407 2348 526 2391 mecum
541 2326 600 2412 ipsc
614 2329 775 2412 pertracto:
803 2328 910 2391 deinde
923 2330 998 2390 duo*

209 2438 267 2500 bus
282 2446 334 2497 aut
347 2433 442 2497 tribus
455 2435 534 2518 lego,
549 2455 622 2497 mox
642 2433 708 2496 aliis
719 2435 804 2496 trado
818 2434 999 2509 annotanda,

209 2541 350 2627 notasque
363 2540 504 2605 eorumss
527 2541 644 2617 dubito,
668 2546 740 2604 cum
754 2559 816 2602 uno
837 2537 935 2602 rursus
949 2549 1001 2601 aut

210 2649 303 2712 sltem
326 2646 449 2733 penfito,
469 2644 624 2711 noviffime
644 2646 779 2730 pluribus
794 2644 897 2722 recito,
921 2642 1000 2708 acfi

209 2756 281 2841 quid
294 2756 371 2819 mihi
384 2754 491 2831 credis,
504 2752 728 2816 tuncsccrrimc
741 2752 880 2815 emendo.
912 2749 1000 2815 Nam

209 2873 292 2925 tanto
331 2860 513 2944 diligentius,
550 2870 664 2942 quanto
690 2856 831 2921 solicitius
862 2856 997 2920 intendo.

210 2964 336 3052 Optime
349 2979 451 3030 autern
467 2964 641 3041 reverentia,
664 2960 771 3047 pudor,
798 2976 897 3026 ments
913 2961 999 3046 judi·
