2317 3767
394 299 587 347 urunt
634 302 706 349 rrr.
888 301 946 368 107

155 445 302 508 violenter
322 464 414 526 quarn
437 441 552 505 sordide
579 441 713 526 gelferat,
736 442 843 505 eodem
869 462 950 506 anno

157 573 217 634 quo
241 551 274 613 in
298 547 404 612 Africa
429 548 551 612 Marius
574 547 700 612 Priscus.
752 546 826 611 Erat
847 561 948 611 autem

158 655 273 720 Priscus
295 676 334 717 ex
349 653 474 730 Baetica,
495 675 534 717 ex
547 651 654 717 Africa
668 652 825 719 Classicus.
872 652 949 720 Inde

157 762 271 824 dicium
287 760 481 837 Baeticorum,
506 762 552 843 (ut
574 761 738 844 plerunque
752 761 837 823 dolor
857 761 949 823 etiam

157 865 294 930 venustos
309 862 393 943 facit)
415 885 476 932 non
496 866 651 948 illepidum
665 862 825 928 ferebatur.
869 865 951 931 Dedi

154 973 272 1048 malum,
290 974 325 1035 tr
334 970 444 1055 accepi:
459 969 507 1034 sed
524 970 662 1034 Marium
677 991 737 1035 una
751 971 855 1034 civitas
869 973 948 1056 pub·

155 1076 224 1151 lice,
259 1077 405 1160 multique
439 1077 546 1160 privati
575 1097 661 1139 reum
688 1090 885 1161 peregerunt:
916 1077 949 1140 in

156 1180 322 1246 Clafficum
336 1194 399 1244 tota
422 1182 576 1265 provincia
597 1181 743 1245 incubuit.
789 1181 847 1245 Ille
861 1202 948 1246 accu-

154 1286 301 1349 sationem
316 1288 364 1350 vel
374 1284 508 1363 fortuita,
523 1288 573 1350 vel
584 1287 752 1350 voluntaria
762 1298 859 1350 morte
873 1308 949 1372 prae-

154 1393 254 1462 vertit.
293 1392 379 1458 Nam
393 1389 451 1455 fuit
465 1413 546 1456 mors
560 1393 626 1477 ejus
639 1388 781 1455 infamius
809 1392 950 1476 ambigua
1013 1375 1019 1384 ’

156 1510 270 1561 tamen.
289 1523 294 1532 ’
316 1498 362 1562 Ut
386 1499 468 1561 enirn
490 1499 631 1561 credibile
651 1498 808 1561 videbatur
827 1498 950 1562 voluille

156 1603 239 1665 exire
252 1606 288 1666 de
302 1604 364 1665 vita
377 1624 448 1667 cum
463 1601 583 1667 defendi
605 1625 666 1667 non
680 1603 785 1689 pollet,
807 1604 850 1666 ita
877 1604 948 1688 (mi-

157 1705 242 1789 rum)
255 1704 396 1792 pudorem
407 1710 608 1773 damnationis
618 1722 714 1773 morte
723 1706 841 1795 sugille,
857 1729 961 1795 quem,

158 1834 223 1877 non
237 1813 380 1897 puduillet
393 1816 563 1877 damnanda
579 1816 778 1879 committere.
822 1816 948 1882 Nihilo-

156 1920 258 1982 minus
286 1918 398 1983 Baetica
422 1923 513 1984 etiam
541 1922 573 1984 in
602 1918 736 1984 defundi
764 1919 947 1987 accusatione

157 2025 322 2110 perstabat:
353 2024 504 2109 provisum
518 2029 576 2090 hoc
598 2028 725 2110 legibus,
752 2026 949 2090 intermistum

157 2143 272 2206 tamen,
307 2133 338 2195 ἃ
365 2131 428 2215 post
452 2134 574 2219 longam
599 2133 849 2217 intercapedinem
877 2146 949 2197 tunc

156 2237 327 2300 reduclum.
371 2235 561 2301 Addiderunt
573 2237 688 2316 Baetici,
706 2240 786 2322 quod
801 2237 888 2302 sunul
901 2238 948 2303 so·
1019 2313 1023 2320 ,

156 2343 231 2418 cios,
264 2342 467 2428 ministrosque
493 2343 613 2408 Classici
638 2344 819 2419 detulenrnt,
849 2345 948 2407 nomi·

157 2447 310 2532 natimque
334 2451 367 2512 in
395 2470 446 2512 eos
472 2449 690 2533 inquisitionem
715 2448 945 2533 postulaverunt.

157 2551 292 2617 Aderam
314 2554 445 2632 Baeticis,
466 2576 643 2639 mecumque
658 2554 788 2619 Luceius
805 2555 950 2634 Albinus⁸

157 2661 206 2725 vir
229 2662 261 2724 in
286 2663 412 2727 dicendo
440 2662 585 2747 copiosus,
614 2675 747 2739 ornatus,
777 2685 868 2748 quem
894 2683 950 2745 ego

156 2788 229 2830 cum
243 2769 317 2832 olim
333 2780 439 2831 mutuo
458 2769 624 2852 diligerem,
644 2790 682 2832 ex
697 2770 753 2832 hac
772 2765 862 2830 officii
876 2764 949 2829 soci-

155 2887 235 2936 etate
262 2895 364 2936 amare
387 2875 538 2938 ardentius
562 2877 652 2959 coepi.
698 2874 801 2939 Habet
826 2873 948 2957 quidem

155 2980 263 3064 gloria,
285 2980 318 3060 in
332 2978 433 3042 studiis
448 2979 619 3065 praesertim,
635 2982 779 3065 quiddam
793 2976 947 3061 ἀκοινώνη-
