2317 3767
399 325 698 373 manvu.
883 326 946 394 309

210 591 290 636 xxx.
320 592 353 637 c.
382 574 737 639 rumus'cnmom
766 591 833 638 suo
858 593 886 637 s.

153 739 383 864 TonQJnoa
398 785 478 869 quod
501 783 678 868 discipulum
693 797 727 849 ut
752 783 863 860 scribis,
889 805 944 866 op·

152 893 235 956 timae
249 890 308 974 spei
323 888 451 965 amifisti,
471 890 556 975 cujus
566 891 598 954 ἃ
611 891 780 954 valetudine
799 891 831 954 δε
849 904 945 954 morte

153 998 295 1082 impedita
309 996 403 1058 studia
416 1007 468 1058 tua
478 996 549 1079 quid
572 995 712 1072 nesciam,
735 1015 806 1058 cum
827 994 863 1058 fis
876 1016 944 1058 orn-

153 1103 240 1165 nium
253 1099 420 1164 officiorum
435 1099 715 1177 observantiffimus,
735 1098 863 1184 cum'que
876 1123 949 1165 om·-

153 1206 209 1269 ne&
229 1227 304 1289 quos
328 1208 435 1290 probas
456 1203 624 1269 effufiffime
644 1207 769 1289 diligas?
815 1204 945 1271 Me'huc

153 1313 281 1398 quoque'
295 1314 408 1375 urbana
426 1310 544 1394 negotia
568 1310 789 1395 persequuntur,
812 1331 873 1373 non
892 1307 949 1372 de-¹

152 1420 273 1482 leRant.
319 1419 396 1483 Sun't
410 1416 503 1494 enim,
526 1418 579 1500 qui
598 1437 648 1479 me
662 1429 714 1479 aut
726 1416 873 1500 judicem,
892 1427 945 1477 aut

152 1526 298 1588 arbitrum
322 1521 456 1587 faciant.'
490 1521 647 1586 Accedunt
675 1523 802 1605 querelae
822 1520 944 1584 rustico·

153 1651 233 1711 rum,
247 1631 298 1714 qui
311 1630 432 1693 auribus
451 1629 526 1692 meis
539 1628 602 1711 post
621 1629 746 1711 longum
759 1636 877 1708 tempus
892 1624 949 1689 suo·

150 1732 230 1820 jure‘
243 1734 415 1797 abutuntur.
461 1732 554 1797 Instat
581 1734 612 1797 &
634 1731 781 1796 neceffitas
805 1751 944 1819 agrorum

153 1840 348 1904 locandorum
362 1859 504 1924 perquam
516 1837 648 1901 molesta.
692 1836 780 1901 Adeo
789 1858 889 1901 rarum
903 1836 945 1900 est

153 1947 287 2009 invenire
308 1946 430 2009 idoneos
452 1944 658 2019 eondufflres,
673 1943 781 2027 quibus
802 1964 839 2005 ex
852 1942 944 2006 caufis

156 2054 290 2136 precario
301 2051 420 2116 studeo:
444 2050 545 2114 studeo
558 2065 670 2113 tamen.
714 2048 945 2114 Nam&scribo

152 2160 265 2244 ah'q'uid
281 2160 312 2223 δι
325 2160 412 2241 lego:
429 2155 477 2219 sed
488 2177 559 2219 cum
572 2157 652 2239 lego,
674 2174 711 2218 ex
724 2156 943 2239 compantione

151 2262 245 2327 sentio
258 2285 349 2349 quam
360 2263 440 2326 male
449 2260 574 2325 scribam
585 2285 595 2337 3
617 2263 685 2324 licet
699 2274 732 2323 tu
740 2262 816 2325 mihi
828 2260 950 2325 bonum‘

154 2360 290 2431 animum
315 2366 419 2444 facias,
446 2369 497 2452 qui
520 2368 638 2431 libellos
662 2386 746 2430 meos
767 2369 804 2429 de
831 2367 943 2430 ultione

154 2470 302 2549 Helvidii,
329 2473 456 2536 orationi
487 2472 699 2538 Demosthenis
728 2472 811 2541 κατὰ
841 2474 943 2540 Μειδίε

154 2573 289 2640 confers:
313 2599 405 2662 quam
430 2577 510 2654 sane,
540 2598 612 2640 cum
631 2598 840 2662 componerem
862 2577 941 2653 illos,

153 2682 247 2744 habui
268 2683 299 2745 in
318 2684 467 2760 manibus,
498 2704 559 2747 non
579 2697 614 2746 ut
638 2685 796 2746 aemularer
817 2683 943 2765 (impro-

153 2789 229 2851 bum
253 2789 347 2864 enim,
374 2808 407 2850 ac
421 2809 495 2871 pene
514 2784 671 2866 furiosum)
695 2786 744 2849 sed
758 2790 859 2849 tamen
873 2787 944 2850 imi·

76 2916 81 2922 ·
153 2907 232 2958 tarer
254 2895 285 2958 ἂ
308 2892 452 2977 sequerer,
481 2888 629 2978 quzintum
648 2905 701 2955 aut
724 2892 874 2956 diverfitas
895 2891 949 2955 inm

509 2998 577 3092 ³13
