2317 3767
224 263 264 344 48
392 281 427 329 c.
452 260 857 356 mutuarum.

303 466 354 512 11.
379 466 413 511 C·
443 466 591 511 PLINIUS
617 465 780 511 PAULINO
806 464 874 510 SUO
905 467 934 510 S·
992 533 995 536 Ι

226 581 411 713 hascoit,
447 643 502 700 nec
523 638 617 721 liquet
641 635 717 699 mihi
741 657 780 698 an
804 637 942 713 debeam,
964 635 1013 701 sed

224 741 341 805 irascor.
378 741 452 818 Scis,
467 763 559 827 quam
573 742 609 804 fit
622 762 707 804 amor
717 740 837 826 iniquus
850 743 1013 819 interdum,

225 848 374 931 Impotens
392 845 479 932 saepe,
502 846 683 934 μικραίτιθ»
701 844 825 931 semper.
869 846 946 911 Haec
968 862 1014 910 ta·

226 974 297 1017 men
311 951 396 1018 causa
410 974 518 1036 magna
532 953 584 1029 est,
607 953 704 1016 nescio
723 973 763 1016 an
777 952 874 1037 justa:
895 952 944 1016 sed
959 974 1015 1037 ego

225 1073 369 1144 tanquam
380 1078 442 1124 non
453 1059 553 1121 minus
564 1058 655 1143 justa,
667 1079 759 1144 quam
770 1080 879 1142 magna
888 1058 934 1135 fit,
945 1080 1014 1142 gra·

227 1168 303 1231 viter
323 1163 440 1240 irascor,
461 1167 541 1249 quod
567 1163 585 1228 ai
611 1176 641 1227 te
656 1165 770 1228 tamdiu
795 1165 888 1227 literae
908 1165 1011 1227 nullae.

227 1271 358 1339 Exorare
380 1291 430 1333 me
451 1282 535 1355 potes
555 1292 618 1333 uno
638 1273 741 1347 modo,
763 1269 786 1332 fi
807 1290 887 1333 nunc
906 1263 1015 1332 ¹saltem

226 1377 381 1460 plurimas,
411 1375 643 1460 &longissimas
668 1374 790 1439 miseris.
835 1376 913 1440 Haec
939 1376 1016 1439 mihi

227 1482 288 1547 sola
305 1481 453 1547 excusatio
467 1502 549 1558 vera,
572 1493 699 1557 caetcrae,
722 1477 804 1543 salsae
822 1482 1014 1545 videbuntur.

228 1588 304 1653 Non
326 1587 392 1651 sum
422 1588 598 1651 auditurus:
619 1585 697 1655 ‘Non
721 1610 800 1650 eram
824 1589 933 1663 Rom,
967 1590 1017 1651 vel

228 1692 386 1780 occupatior
409 1716 499 1757 eram.
545 1692 628 1757 Illud
653 1692 735 1755 enim
762 1712 817 1755 nec
845 1692 887 1754 dii
908 1691 1015 1769 finant,

229 1812 262 1862 ut
287 1798 443 1863 infirmior.
489 1797 556 1884 lpse
580 1799 619 1860 ad
641 1798 746 1860 villam
773 1797 881 1881 partim
902 1797 1016 1875 studiit,

227 1904 336 1988 partim
350 1905 457 1968 defidia
470 1901 564 1980 fruor,
589 1924 717 1988 quorum
731 1914 891 1987 utrumque
905 1903 1019 1966 exotio

229 2008 367 2074 nascitur.
415 2009 503 2073 Vale.
646 2016 648 2020 ’

308 2240 380 2285 111.
415 2238 448 2283 C.
478 2238 627 2283 PLINIUS
652 2239 786 2286 NEPOTI
817 2239 884 2286 SUO
913 2241 942 2284 S.

233 2386 406 2497 Maeui
425 2428 535 2495 Isaeum
554 2427 638 2493 fama
651 2431 842 2514 praecesserat,
864 2432 960 2516 major
972 2432 1021 2494 in·

231 2550 339 2602 ventus
352 2536 403 2599 est.
448 2535 574 2599 Summa
595 2535 637 2598 est
657 2533 793 2614 facultas,
812 2538 908 2621 copia,
931 2537 1021 2599 uber·

231 2656 288 2707 tas.
334 2641 420 2705 Dicit
443 2639 557 2724 semper
577 2662 616 2704 ex
638 2654 782 2726 tempore,
805 2641 855 2706 sed
876 2656 1021 2726 tanquam

232 2750 284 2816 diu
298 2744 449 2832 scripserit.
494 2745 599 2811 Sermo
613 2745 753 2825 Graecus,
779 2748 875 2811 immo
889 2748 1019 2813 Atticus.
1054 2767 1057 2774 ’

232 2849 426 2918 Praefationes
440 2850 535 2930 tersae,
557 2853 692 2935 graciles,
714 2855 827 2929 dulces,
855 2874 960 2937 graves
974 2854 1022 2916 in-

232 2961 362 3036 terdum,
381 2960 412 3023 &
426 2957 542 3022 ereeiae.
573 2955 672 3019 Poscit
685 2957 894 3022 controversias
911 2959 1023 3043 plures,
