2317 3767
414 292 682 341 crncrr.
898 291 936 355 41

153 435 175 500 ὲ
190 437 268 500 vita:
288 434 331 499 srn
345 447 464 500 tantum
482 434 623 514 difficilis,
637 438 669 503 dc
682 438 782 521 longa,
792 434 940 515 resisteret,

153 555 352 627 maneretque.
398 541 546 606 Dandum
567 544 649 607 enim
671 546 806 628 precibus
827 543 941 619 uxoria,
1081 555 1084 562 '

152 650 285 711 dandum
306 648 377 710 liliae
401 648 552 733 lacrymis,
579 650 713 712 dandum
737 649 827 712 etiarn
855 649 942 712 nobie

152 755 269 831 amicis,
289 774 328 816 ne
341 751 404 837 spes
419 752 543 830 nostras,
558 755 579 817 si
593 757 685 819 modo
698 776 760 819 non
771 754 862 819 essent
874 755 940 818 ina·

152 880 218 940 nes,
238 859 406 926 voluntaria
419 872 515 924 morte
527 859 680 925 desererm
725 859 763 924 Id
778 881 833 945 ego
850 861 940 924 ardu·

152 987 208 1030 um
226 966 374 1050 inprimis,
393 967 424 1030 ἃ
442 968 590 1051 praecipua
614 968 701 1031 laude
715 967 840 1051 dignum
855 980 938 1051 puto.

151 1071 240 1136 Nam
250 1072 364 1155 impetu
377 1074 519 1157 quodam,
529 1073 560 1137 &
570 1072 709 1137 instinciu
722 1093 892 1157 procurrere
902 1073 940 1135 ad

151 1191 295 1253 mortem,
329 1197 489 1242 commune
518 1200 588 1243 curn
616 1179 743 1243 multisr
779 1180 941 1242 deliberare

148 1304 237 1359 vero,
260 1283 291 1347 &
312 1282 412 1347 causas
430 1283 495 1370 ejus
512 1286 689 1368 expendere,
711 1298 801 1369 utque
823 1282 941 1348 suaserit

45 1479 48 1483 Ι
151 1389 239 1465 ratio,
268 1389 340 1452 vitae
363 1388 522 1475 mortisque
545 1390 700 1454 consilium
718 1387 869 1474 suscipere,
891 1390 940 1452 vel

149 1514 270 1578 ponere,
292 1495 420 1579 ingentis
433 1494 474 1558 est
487 1497 593 1577 animi.
637 1494 679 1560 Et
699 1495 807 1558 medici
820 1494 941 1578 quidem

151 1599 279 1663 secunda
291 1602 378 1664 nobis
391 1603 583 1685 pollicentur:
608 1601 742 1687 Superest
752 1613 786 1664 ut
795 1599 940 1685 promisso

155 1703 244 1768 Deus
265 1708 383 1785 adnuat,
409 1709 589 1792 tandemque
607 1728 657 1771 me
678 1709 734 1772 hac
756 1706 940 1772 solicitudine

152 1811 303 1889 exsolvat3
325 1834 383 1897 qua
405 1814 559 1891 liberatus,
587 1813 805 1878 Laurentinum
821 1835 937 1894 meum,

149 1921 209 1985 hoc
219 1920 259 1983 est
268 1921 606 2004 libellos&pugillares,
617 1919 834 2005 studiosumque
843 1922 939 1985 otium

148 2039 291 2110 repetam.
336 2023 431 2090 Nunc
455 2027 537 2089 enim
550 2026 627 2089 nihil
644 2027 752 2110 legere,
772 2026 848 2089 nihil
869 2026 939 2091 scri·

149 2134 232 2208 bere,
248 2145 301 2195 aut
314 2131 447 2195 assidenti
465 2145 561 2209 vacat,
573 2143 626 2196 aut
639 2132 729 2195 anxio
749 2131 832 2195 libet.
870 2131 938 2198 Ha·

149 2239 215 2314 bec,
238 2239 312 2322 quid
332 2238 467 2314 timeam,
488 2238 560 2322 quid
579 2251 692 2321 optem,
712 2236 884 2323 quidetiam
905 2238 937 2301 in

149 2343 299 2427 posterum
313 2342 465 2407 destinem.
499 2341 556 2407 Tu
566 2344 638 2428 quid
652 2343 757 2427 egeris,
769 2343 841 2428 quid
855 2363 937 2427 agas,

148 2451 223 2534 quid
243 2450 317 2513 velis
331 2470 428 2533 agere,
448 2450 578 2513 invicem
600 2449 698 2525 nobis,
722 2447 772 2511 sed
786 2447 939 2513 latioribus

151 2555 290 2638 epillolic,
310 2554 411 2619 scribe.
443 2554 510 2620 Erit
522 2552 685 2619 confusioni
699 2573 776 2617 mee
796 2574 858 2618 non
872 2572 937 2618 me·

151 2661 249 2724 diocre
257 2660 406 2737 solatium,
422 2660 490 2726 situ
505 2661 582 2726 nihil
599 2659 739 2746 quereris.
785 2657 873 2723 Vale.
