2317 3767
413 295 681 349 u'rssar.
899 304 941 373 43

150 451 341 512 advocatum.
386 446 444 511 Sed
458 459 492 511 tu
511 447 633 531 (iterum
646 441 757 524 dicam)
775 444 941 529 plurimum

140 554 278 636 interest,
295 553 367 638 quid
381 553 439 617 effe
455 554 640 620 tribimatum
653 565 757 637 putes:
770 571 861 636 quam
874 571 941 635 per·

151 658 252 721 sonam
267 660 323 723 tibi
344 662 493 744 imponas,
517 681 586 744 quae
607 659 729 742 sapienti
748 658 813 721 viro
833 658 875 720 ita
889 679 940 743 ap-

149 768 240 828 tanda
254 765 308 843 est,
330 780 364 829 ut
379 763 552 849 perferatur.
599 763 686 827 Vale.

202 998 314 1042 XXIV.
345 998 378 1043 C·
407 997 555 1042 PLINIUS
583 995 691 1041 BEBIO
724 996 885 1043 fflsrarlo

480 1102 547 1147 SUO
578 1102 607 1145 S.

147 1244 458 1374 TnaniruUS,
496 1296 716 1359 contubernalis
743 1316 841 1373 meus,
874 1299 941 1362 vult

147 1421 248 1463 emere
274 1401 417 1483 agellum,
443 1421 533 1485 quem
562 1401 716 1463 venditare
736 1401 850 1464 amicus
870 1414 940 1466 tuus

149 1507 268 1569 dicitur.
314 1504 402 1588 Rogo
421 1527 505 1569 cures
527 1507 632 1592 quanti
646 1527 768 1592 aequum
789 1506 830 1569 esi
848 1519 938 1569 emat.

152 1607 204 1673 Ita
217 1612 299 1673 enim
309 1612 465 1675 delectabit
479 1612 590 1675 emisse.
635 1612 722 1676 Nam
736 1613 816 1675 maia
830 1611 943 1696 emptio

152 1715 269 1800 semper
281 1717 393 1800 ingrata
403 1716 454 1794 est,
467 1738 503 1781 eo
516 1718 659 1794 maxime,
671 1720 751 1803 quod
765 1720 941 1802 exprobrare

149 1820 303 1884 stultitiam
315 1823 438 1885 domino
449 1823 577 1885 videtur.
617 1821 835 1887 Inhocautem
846 1825 942 1908 agello

151 1927 185 2012 (si
200 1930 292 1991 modo
305 1928 429 1990 arriserit
450 1924 591 2011 pretium)
617 1927 793 2013 Tranquilli
806 1930 866 1992 mei
882 1929 940 1993 sto·

148 2035 292 2097 maehum
315 2034 411 2096 multa
428 2031 585 2111 solicitant,
613 2034 748 2097 vicinitas
770 2035 863 2113 urbis,
885 2055 940 2119 op·

148 2138 315 2223 portunitas
330 2138 399 2214 viae,
423 2139 610 2202 mediocritas
624 2140 716 2215 villae,
732 2142 840 2203 modus
853 2140 940 2217 ruris,

151 2245 204 2328 qui
225 2246 351 2307 advocet
365 2243 470 2328 magis,
494 2265 585 2328 quam
603 2243 762 2329 distringat.
808 2243 942 2308 Scholas-

150 2350 216 2412 ticis
245 2371 344 2433 porro,
377 2362 411 2412 ut
437 2350 487 2412 hic
509 2349 560 2427 eii,
598 2347 704 2413 sufficit
730 2351 847 2413 abunde
874 2363 942 2414 tan·

152 2469 216 2518 tum
244 2454 309 2531 soli,
340 2469 373 2519 ut
396 2456 526 2518 relevare
554 2468 654 2539 caput,
681 2454 800 2518 reficere
828 2457 941 2533 oculos,

153 2572 266 2644 reptare
280 2582 333 2645 per
354 2561 494 2637 limitem,
518 2581 670 2646 unamque
683 2560 819 2624 semitam
837 2573 941 2639 terere,

151 2664 310 2750 onmesque
330 2666 466 2729 viticulas
489 2665 555 2730 suas
569 2665 650 2729 nosse
670 2669 702 2731 δι
715 2688 872 2731 numerare
894 2688 942 2730 ar·

150 2769 284 2834 busculas
299 2770 413 2856 poffint.
458 2772 536 2836 Haec
549 2772 604 2835 tibi
618 2770 749 2856 exposui,
772 2793 833 2857 quo
847 2771 942 2853 magis

150 2876 249 2955 scires,
273 2891 420 2960 quantum
442 2878 493 2940 ille
515 2877 587 2941 esset
607 2879 694 2955 mihi,
720 2888 868 2963 quantum
887 2895 942 2959 ego

150 2982 204 3046 tibi
228 2982 394 3060 debiturus,
418 2982 439 3045 si
460 2985 638 3067 praediolum
659 2982 735 3046 istud
756 2983 837 3068 quod
858 3002 941 3047 com-
