2317 3767
391 277 581 322 arnan
626 278 771 326 un„
879 257 942 344 383

151 412 203 482 en¹
217 419 349 503 periculo
375 418 439 504 ejus
473 432 593 484 tantum
616 418 774 482 discrimen
795 418 948 497 adierunt,

151 538 299 607 quantum
314 546 351 587 ex
365 523 456 588 salute
468 525 571 609 gloriae
584 525 808 609 consequentur.
833 521 921 588 Vale.

218 754 326 798 xxm.
356 755 390 799 C·
413 755 564 800 PLINIUS
585 756 747 803 Maximo
771 757 837 801 SUO
850 757 879 801 S·

156 900 418 1026 Firmium
445 948 544 1029 agenti
571 949 648 1011 mihi
671 948 782 1025 evenit,
806 959 840 1011 ut
857 945 942 1012 Cen·

98 1112 100 1119 t
152 1053 288 1127 tumviri,
311 1072 382 1113 cum
404 1053 456 1114 diu
466 1051 499 1117 ,se
518 1054 596 1115 intra
608 1053 770 1136 judicium,
785 1053 945 1116 audiorita·

53 1154 59 1159 ’
152 1170 227 1233 tem,
250 1155 483 1241 gravitatemque
505 1157 674 1233 tenuissent,
698 1179 803 1221 omnes
827 1168 945 1240 repente

154 1261 234 1346 quast
244 1261 315 1324 vicii
326 1262 478 1345 coasiique
489 1261 706 1345 consurgerent,
721 1263 944 1346 laudarentque.

157 1366 339 1451 Frequenter
358 1365 375 1430 ὲ
399 1352 500 1430 senatu
522 1364 650 1448 samam,
673 1368 794 1450 qualern
815 1367 947 1429 maxime

155 1476 339 1556 optaveram,
366 1474 474 1535 retuli:
505 1492 661 1557 nunquam
687 1484 788 1535 tamen
802 1471 946 1555 majorem

156 1579 220 1661 cepi
235 1579 429 1660 voluptatem,
450 1599 542 1662 quam
556 1599 703 1661 nuper-ex
720 1576 854 1639 sermone
867 1574 947 1641 Cor·

157 1682 229 1744 nelii
243 1680 359 1745 Taciti.
402 1681 557 1746 Narrabat
580 1683 681 1746 sedisse
700 1682 798 1746 secum
820 1679 947 1745 Circen·

156 1787 234 1850 sibus
248 1788 391 1869 proximis
408 1788 538 1870 equitem
549 1787 737 1852 Romanum.
781 1786 876 1851 Hunc
885 1786 948 1872 post

155 1893 254 1955 varios
275 1891 460 1976 eruditosque
477 1891 626 1956 sermones
650 1891 806 1976 requisisse,
830 1892 948 1956 Italicus

157 2021 197 2074 es,
211 2022 248 2061 an
258 1995 476 2082 provincialis?
516 1996 545 2061 se
559 1996 745 2082 respondisse,
756 1997 840 2085 Nosti
851 2023 904 2077 me,
915 2002 950 2065 &

158 2105 267 2189 quidem
278 2103 434 2189 exstudiis.
463 2101 530 2198 ,Ad
544 2104 603 2167 hoc
616 2104 715 2181 illum,
728 2105 895 2182 Tacitures,
910 2129 949 2169 an

158 2211 307 2275 Plinius?
350 2209 524 2293 Exprimere
551 2231 614 2273 non
640 2208 768 2295 possum,
796 2233 888 2296 quam
915 2210 950 2274 srt

155 2315 325 2398 jucundum
339 2318 426 2392 mihi,
447 2317 528 2399 quod
541 2317 666 2379 nomina
679 2315 777 2378 nostra
789 2316 870 2400 quasi
882 2317 950 2378 lite·

158 2440 260 2484 rarum
274 2424 402 2505 propria,
428 2444 490 2486 non
512 2423 684 2498 hominurn,
711 2422 804 2484 literis
818 2423 950 2485 reddun-

159 2536 226 2588 turz
249 2528 329 2610 quod
344 2539 465 2611 uterque
479 2526 612 2590 nostrum
625 2527 674 2589 his
688 2526 779 2589 etiam
797 2547 835 2589 ex
849 2527 951 2592 studiis

160 2643 262 2707 notus,
277 2632 385 2714 quibus
405 2633 488 2694 aliter
507 2632 625 2714 ignotus
645 2631 696 2694 esi.
740 2631 860 2694 Accidit
870 2632 951 2696 aliud

161 2748 230 2799 ante
254 2738 395 2821 pauculos
423 2738 486 2800 dies
513 2737 617 2800 simile.
660 2736 868 2800 Recumbebat
886 2757 951 2800 me-

161 2862 233 2905 cum
247 2843 295 2905 vir
318 2843 449 2925 egregius
475 2841 588 2905 Fabius
615 2841 757 2916 Rufinus,
779 2840 950 2923 supereum

161 2947 315 3032 municeps
329 2937 427 3037 ipsius,
443 2947 495 3031 qui
512 2947 567 3009 illo
585 2947 633 3009 die
645 2947 778 3031 primum
799 2946 952 3013 in-urbem
