2317 3767
315 290 326 299 ““
402 300 594 347 crnrn
641 302 713 350 vn.
883 306 944 374 305

144 441 231 522 ‘phur
256 438 482 521 Athenodorus,
511 445 583 527 legit
617 446 754 523 titulum,
788 447 947 534 auditoque

150 545 258 628 pretio,
284 545 854 637 quiasuspeeta·vi1itas,percunetarus,
876 575 944 618 om·

151 650 204 712 nia
216 654 348 729 docetur,
371 675 406 717 ac
424 655 632 734 nihilominus,
648 657 745 720 immo
765 657 851 720 tanto
879 679 942 721 ma·

88 832 93 843 .
151 756 197 838 gis
210 758 369 822 conducit:
402 761 453 823 ubi
476 762 568 845 coepit
592 762 838 847 advesperascere,
858 764 948 849 jubet

142 860 237 925 ‚sterni
251 863 304 926 srbi
318 865 351 926 in
364 864 462 948 prima
487 868 595 930 domus
617 880 710 952 parte,
733 867 824 952 poscit
844 869 943 953 pupil-

150 969 238 1045 lares,
253 968 373 1053 stylum,
389 972 512 1034 lumen:
536 970 603 1035 suos
626 992 732 1035 omncs
752 974 783 1036 in
804 973 944 1036 interiora

150 1073 286 1150 dimittit,
310 1073 368 1158 ipse
382 1078 420 1138 ad
445 1073 643 1169 scribendum,
659 1079 808 1154 animum,
825 1079 940 1156 oculos,
1046 1155 1049 1161 ¹

150 1184 276 1242 manum
289 1179 428 1256 intendit,
443 1202 482 1244 ne
496 1202 590 1245 vacua
604 1203 689 1244 mens
705 1183 806 1246 audita
818 1183 939 1247 srmula-

148 1304 199 1346 cra
226 1285 385 1348 &inanes
412 1285 464 1348 fibi
489 1300 588 1350 metus
609 1287 742 1371 fingeret.
789 1287 941 1373 Initioque

114 1446 118 1457 .
149 1391 260 1474 ubique
275 1390 425 1454 suentium
440 1392 549 1469 nostis,
565 1394 671 1456 deinde
684 1393 802 1456 concuti
817 1389 942 1470 ferrum,

150 1497 270 1558 vincula
298 1498 431 1560 moveri:
459 1498 509 1560 ilie
530 1518 593 1560 non
615 1499 718 1561 tollere
742 1499 858 1573 oculos,
884 1517 945 1561 non

150 1604 298 1665 remittere
312 1602 432 1686 stylum,
448 1602 497 1665 sed
509 1604 668 1666 obfirmare
689 1605 837 1680 animum,
863 1603 945 1664 auri·

151 1705 263 1789 busque
287 1710 486 1790 praetende're:
521 1720 589 1771 tum
624 1707 802 1772 crebrescere
830 1705 941 1791 fragor,

151 1813 310 1874 adventare
324 1815 427 1889 etiam,
448 1834 483 1876 ac
496 1815 563 1898 jam
579 1826 613 1876 ut
635 1814 667 1875 in
689 1813 804 1890 limine,
823 1813 890 1897 jam
910 1826 945 1876 ut

151 1919 229 1982 intra
243 1919 336 1981 limen
351 1920 465 1982 audiri:
496 1919 623 2002 respicit,
639 1920 731 1993 videt,
759 1918 944 2003 agnoscitque

87 2079 92 2083 .
150 2037 300 2088 narratam
315 2023 369 2088 sibi
383 2022 524 2107 effigiem.
568 2023 672 2087 Stabat
683 2024 886 2108 innuebatque¹
897 2025 943 2087 di-

133 2165 136 2172 ,
148 2132 210 2214 gito
220 2131 323 2194 fimilis
335 2131 454 2194 vocanti
466 2155 473 2193 ε
490 2131 539 2193 hic
553 2143 667 2205 contra,
681 2140 714 2190 ut
724 2129 880 2213 paululum
891 2150 943 2192 ex-

66 2239 69 2243 ’
149 2237 291 2320 perstaret,
318 2256 411 2298 manu
439 2233 592 2317 fignificat,
630 2232 782 2318 rursusque
810 2235 885 2297 ceris
912 2235 943 2298 δι

149 2340 223 2425 stylo
235 2342 402 2404 incumbit:
427 2341 479 2403 illa
500 2339 652 2402 scribentis
671 2339 759 2422 capiti
772 2339 884 2401 catenis
895 2339 943 2401 in·

149 2442 290 2507 sonabat:
317 2445 431 2529 respicit
445 2443 543 2507 rursus
557 2445 638 2506 idem
660 2446 740 2528 quod
759 2445 839 2528 prius
853 2444 944 2506 innu-

150 2550 269 2612 entem:
297 2571 352 2612 ncc
375 2562 507 2613 moratu:
521 2550 599 2612 tollit
619 2550 734 2625 lumen,
755 2550 786 2613 ἃ
801 2546 940 2643 sequitur.

151 2653 222 2718 Ibat
247 2654 299 2715 ssla
327 2657 407 2718 lento
435 2658 541 2738 gradu,
570 2654 651 2739 quasi
679 2656 776 2740 gravis
801 2654 940 2719 vinhulis.

151 2759 312 2842 Postquam
337 2760 457 2823 deflexit
484 2761 516 2823 in
545 2782 646 2823 aream
675 2762 794 2834 domus,
824 2769 943 2841 repente

39 2920 48 2941 ,
148 2862 259 2949 dilapsa
281 2863 385 2927 deserit
398 2868 550 2943 comitem,
574 2865 705 2929 desertus
718 2865 824 2928 herbas
842 2865 876 2928 δι’
894 2859 942 2926 fo·

149 2971 190 3033 lia
215 2983 371 3055 concerpta
392 2969 508 3053 signum
530 2972 599 3035 loco
617 2972 712 3055 ponit.
756 2967 875 3034 Postero
895 2968 943 3034 die
