2317 3767
214 245 279 351 172ι
375 282 550 329 c.1³1.1·N.
580 280 840 328 EPISTOLAR.

211 425 384 508 circumagi.
427 424 513 489 Mihi
531 438 634 490 autem
657 421 804 488 saniliare
823 422 875 500 est,
899 429 1004 488 omnes

210 531 403 613 cogitationes
427 551 508 594 meas
531 531 765 607 communicare,
791 528 954 616 iisdemque
975 546 1005 595 te

211 636 260 698 vel
273 635 426 719 praeceptis
439 637 488 698 vel
502 637 646 720 exemplis
666 657 800 713 monere,
820 638 929 720 quibus
945 635 1005 721 ipse

209 762 258 808 me
272 760 393 817 moneo,
405 761 473 825 quae
487 741 562 804 ratio
575 742 666 825 hujus
681 739 886 824 epistolaefuit.
914 742 1002 806 Vale.

212 970 301 1017 XXV·
338 970 371 1016 C·
390 972 537 1017 PLINIUS
555 969 688 1016 MESSIO
707 969 864 1015 MAXIMO
887 970 1001 1017 SUOS.

211 1135 459 1235 Scnrnscnarr
484 1167 541 1229 tibi
560 1168 725 1229 verendum
750 1163 819 1242 effe,
842 1185 881 1227 ne
900 1186 938 1228 ex
959 1181 1003 1229 ta·

209 1273 276 1336 citis
289 1272 436 1357 suffragiis
450 1274 558 1337 vitium
573 1274 694 1357 aliquod
702 1270 846 1335 existeret.
872 1271 1003 1337 Fadium

209 1377 261 1441 eii.
306 1378 454 1442 Proximis
481 1379 612 1442 comitiis
633 1379 665 1440 in
689 1375 865 1462 quibusdam
886 1379 1004 1441 tabellis

209 1484 306 1547 muita
323 1484 481 1568 jocularia,
505 1497 594 1567 atque
616 1482 708 1546 etiam
731 1478 814 1545 foeda
836 1482 940 1546 didiu:
971 1485 1004 1547 in

210 1610 272 1653 una
285 1610 357 1652 vero
373 1609 427 1672 pro
447 1588 674 1662 candidatorum
689 1588 875 1663 nominibus,
898 1585 1005 1654 suffraae

210 1706 348 1778 gatorum
363 1694 486 1756 nomina
500 1693 623 1756 inventa
636 1690 715 1755 sunt.
767 1690 937 1757 Excanduit
951 1691 1006 1757 Se·

211 1811 311 1874 natus,
327 1817 495 1883 magnoque
515 1800 647 1862 clamore
660 1798 688 1861 ei
702 1799 755 1883 qui
770 1797 929 1882 scripfiiiet,
945 1800 1005 1864 ira·

211 1917 278 1966 tum
290 1903 458 1988 Principem
471 1904 512 1967 est
531 1917 756 1989 comprecatus:
778 1904 828 1967 ille
843 1916 944 1967 tamen
957 1900 1004 1968 fe·

209 2007 298 2087 fellit,
317 2012 460 2087 delatuit,
477 2008 595 2074 fortass'c
617 2010 708 2073 ctiam
723 2011 801 2073 inter
818 2010 1006 2094 indignantes

212 2112 281 2179 fuit.
327 2115 413 2199 Qrid
426 2118 506 2179 hune
517 2128 658 2199 putamus
673 2116 757 2178 domi
768 2114 876 2192 fauere,
897 2116 950 2199 qui
972 2116 1004 2177 in

212 2232 296 2283 tanta
318 2241 361 2295 re,
379 2233 442 2282 tam
461 2218 535 2284 serio
548 2234 693 2304 tempore,
709 2235 773 2284 tam
787 2219 944 2284 scurriliter
955 2220 1004 2282 lu-

214 2326 283 2387 dat?
308 2325 360 2408 qui
375 2326 502 2409 denique
520 2327 647 2392 omnino
668 2326 701 2389 in
721 2326 831 2391 Senatu
853 2328 951 2403 dicax,
975 2327 1008 2391 &

212 2431 357 2507 urbanus,
371 2432 401 2496 δι
415 2432 512 2494 bellus
523 2431 583 2494 est?
627 2430 769 2496 Tantum
789 2434 916 2495 licentiae
935 2453 1004 2516 pra·

214 2536 260 2600 vis
288 2535 414 2619 ingeniis
442 2536 543 2620 adjicit
565 2538 617 2601 illa
640 2538 760 2601 fiducia.
816 2536 897 2622 Quis
921 2538 1034 2600 enim‘

209 2628 300 2704 sciet?
332 2638 461 2726 poposcit
474 2643 609 2719 tabellas,
625 2640 734 2726 stylum
746 2645 869 2726 accepit,
890 2640 1005 2705 demifit

212 2756 316 2831 caput,
343 2747 496 2810 neminem
518 2760 648 2824 veretur,
665 2746 693 2809 se
706 2749 881 2811 contemnit.
928 2747 1005 2813 Inde

213 2852 267 2915 ista
287 2852 426 2929 ludibria,
448 2851 575 2917 scena&
597 2853 712 2936 pulpito
730 2854 830 2937 digna.
876 2852 950 2939 Qro
974 2865 1005 2916 te

212 2958 335 3028 vertas?
359 2978 428 3042 quae
448 2958 579 3023 remedia
596 2958 773 3042 conquiras?
803 2959 912 3045 ubique
931 2959 1005 3023 vitia
