<?xml version="1.0" encoding="UTF-8"?>
<!DOCTYPE html PUBLIC "-//W3C//DTD XHTML 1.0 Transitional//EN"
    "http://www.w3.org/TR/xhtml1/DTD/xhtml1-transitional.dtd">
<html xmlns="http://www.w3.org/1999/xhtml" xml:lang="en" lang="en">
 <head>
  <title>
</title>
<meta http-equiv="Content-Type" content="text/html;charset=utf-8" />
  <meta name='ocr-system' content='tesseract 3.04.00' />
  <meta name='ocr-capabilities' content='ocr_page ocr_carea ocr_par ocr_line ocrx_word'/>
</head>
<body>
  <div class='ocr_page' id='page_1' title='image "./cpliniicciliise01plingoog_0246.png"; bbox 0 0 2317 3767; ppageno 0'>
   <div class='ocr_carea' id='block_1_1' title="bbox 209 260 837 328">
    <p class='ocr_par' dir='ltr' id='par_1_1' title="bbox 209 260 837 328">
     <span class='ocr_line' id='line_1_1' title="bbox 209 260 837 328; baseline -0.003 0"><span class='ocrx_word' id='word_1_1' title='bbox 209 260 270 328; x_wconf 80' lang='lat'>228</span> <span class='ocrx_word' id='word_1_2' title='bbox 370 281 405 326; x_wconf 86' lang='lat' dir='ltr'>c.</span> <span class='ocrx_word' id='word_1_3' title='bbox 436 280 550 327; x_wconf 73' lang='lat' dir='ltr'>rein.</span> <span class='ocrx_word' id='word_1_4' title='bbox 576 279 837 328; x_wconf 73' lang='lat' dir='ltr'>rrrsrounn.</span> 
     </span>
    </p>
   </div>
   <div class='ocr_carea' id='block_1_2' title="bbox 206 420 1034 3035">
    <p class='ocr_par' dir='ltr' id='par_1_2' title="bbox 206 420 1008 2090">
     <span class='ocr_line' id='line_1_2' title="bbox 208 420 1003 507; baseline 0.001 -22"><span class='ocrx_word' id='word_1_5' title='bbox 208 424 266 486; x_wconf 91' lang='lat' dir='ltr'>tuit</span> <span class='ocrx_word' id='word_1_6' title='bbox 279 420 336 486; x_wconf 86' lang='lat' dir='ltr'>esse</span> <span class='ocrx_word' id='word_1_7' title='bbox 350 443 402 507; x_wconf 88' lang='lat' dir='ltr'>per</span> <span class='ocrx_word' id='word_1_8' title='bbox 416 443 517 486; x_wconf 86' lang='lat' dir='ltr'>meam</span> <span class='ocrx_word' id='word_1_9' title='bbox 529 435 659 486; x_wconf 85' lang='lat' dir='ltr'>aetatem.</span> <span class='ocrx_word' id='word_1_10' title='bbox 669 423 674 429; x_wconf 76' lang='grc'><strong><em>”</em></strong></span> <span class='ocrx_word' id='word_1_11' title='bbox 699 421 820 491; x_wconf 74' lang='lat' dir='ltr'>solebat</span> <span class='ocrx_word' id='word_1_12' title='bbox 834 435 937 486; x_wconf 82' lang='lat' dir='ltr'>tamen</span> <span class='ocrx_word' id='word_1_13' title='bbox 951 423 1003 487; x_wconf 81' lang='lat' dir='ltr'>vix</span> 
     </span>
     <span class='ocr_line' id='line_1_3' title="bbox 208 526 1008 614; baseline 0 -23"><span class='ocrx_word' id='word_1_14' title='bbox 208 530 283 592; x_wconf 93' lang='lat' dir='ltr'>dum</span> <span class='ocrx_word' id='word_1_15' title='bbox 303 526 519 591; x_wconf 85' lang='lat' dir='ltr'>adolescentulo</span> <span class='ocrx_word' id='word_1_16' title='bbox 537 528 615 590; x_wconf 91' lang='lat' dir='ltr'>mihi</span> <span class='ocrx_word' id='word_1_17' title='bbox 637 542 720 613; x_wconf 83' lang='lat' dir='ltr'>patet</span> <span class='ocrx_word' id='word_1_18' title='bbox 733 529 797 614; x_wconf 89' lang='lat' dir='ltr'>ejus</span> <span class='ocrx_word' id='word_1_19' title='bbox 808 548 879 592; x_wconf 90' lang='lat' dir='ltr'>cum</span> <span class='ocrx_word' id='word_1_20' title='bbox 893 549 1008 612; x_wconf 59' lang='lat' dir='ltr'>magna⁴</span> 
     </span>
     <span class='ocr_line' id='line_1_4' title="bbox 206 632 1005 711; baseline -0.001 -14"><span class='ocrx_word' id='word_1_21' title='bbox 206 634 294 697; x_wconf 79' lang='lat' dir='ltr'>laude</span> <span class='ocrx_word' id='word_1_22' title='bbox 309 632 474 695; x_wconf 74' lang='lat' dir='ltr'>monstrari.</span> <span class='ocrx_word' id='word_1_23' title='bbox 519 632 593 696; x_wconf 86' lang='lat' dir='ltr'>Erat</span> <span class='ocrx_word' id='word_1_24' title='bbox 615 654 677 697; x_wconf 93' lang='lat' dir='ltr'>non</span> <span class='ocrx_word' id='word_1_25' title='bbox 691 632 855 698; x_wconf 85' lang='lat' dir='ltr'>studiorum</span> <span class='ocrx_word' id='word_1_26' title='bbox 869 647 1005 711; x_wconf 58' lang='lat' dir='ltr'>tantum,</span> 
     </span>
     <span class='ocr_line' id='line_1_5' title="bbox 208 737 1007 825; baseline 0.004 -23"><span class='ocrx_word' id='word_1_27' title='bbox 208 739 415 808; x_wconf 83' lang='lat' dir='ltr'>verumetiam</span> <span class='ocrx_word' id='word_1_28' title='bbox 430 737 626 802; x_wconf 89' lang='lat' dir='ltr'>studiosorum</span> <span class='ocrx_word' id='word_1_29' title='bbox 644 739 872 816; x_wconf 58' lang='lat' dir='ltr'>amantiffimue</span> <span class='ocrx_word' id='word_1_30' title='bbox 886 760 919 802; x_wconf 89' lang='lat' dir='ltr'>ac</span> <span class='ocrx_word' id='word_1_31' title='bbox 933 762 1007 825; x_wconf 68' lang='lat' dir='ltr'>pro,</span> 
     </span>
     <span class='ocr_line' id='line_1_6' title="bbox 208 843 1002 929; baseline 0 -22"><span class='ocrx_word' id='word_1_32' title='bbox 208 865 245 929; x_wconf 89' lang='lat' dir='ltr'>pe</span> <span class='ocrx_word' id='word_1_33' title='bbox 258 844 391 928; x_wconf 89' lang='lat' dir='ltr'>quotidie</span> <span class='ocrx_word' id='word_1_34' title='bbox 405 845 442 906; x_wconf 81' lang='lat' dir='ltr'>a‘d</span> <span class='ocrx_word' id='word_1_35' title='bbox 466 845 641 921; x_wconf 83' lang='lat' dir='ltr'>audiendos,</span> <span class='ocrx_word' id='word_1_36' title='bbox 669 862 744 929; x_wconf 89' lang='lat' dir='ltr'>quos</span> <span class='ocrx_word' id='word_1_37' title='bbox 771 858 843 908; x_wconf 87' lang='lat' dir='ltr'>tunc</span> <span class='ocrx_word' id='word_1_38' title='bbox 862 866 918 927; x_wconf 88' lang='lat' dir='ltr'>ego</span> <span class='ocrx_word' id='word_1_39' title='bbox 942 843 1002 908; x_wconf 89' lang='lat' dir='ltr'>fre-</span> 
     </span>
     <span class='ocr_line' id='line_1_7' title="bbox 208 947 1001 1032; baseline 0.001 -20"><span class='ocrx_word' id='word_1_40' title='bbox 208 951 401 1032; x_wconf 82' lang='lat' dir='ltr'>quentabam,</span> <span class='ocrx_word' id='word_1_41' title='bbox 417 947 662 1032; x_wconf 74' lang='lat' dir='ltr'>Quintiilianum</span> <span class='ocrx_word' id='word_1_42' title='bbox 683 952 717 1013; x_wconf 69' lang='grc' dir='ltr'>δε</span> <span class='ocrx_word' id='word_1_43' title='bbox 743 949 876 1014; x_wconf 84' lang='lat' dir='ltr'>Niceten</span> <span class='ocrx_word' id='word_1_44' title='bbox 898 950 1001 1013; x_wconf 79' lang='lat' dir='ltr'>Sacer·</span> 
     </span>
     <span class='ocr_line' id='line_1_8' title="bbox 207 1055 1008 1139; baseline 0.002 -23"><span class='ocrx_word' id='word_1_45' title='bbox 207 1055 322 1130; x_wconf 86' lang='lat' dir='ltr'>dotem,</span> <span class='ocrx_word' id='word_1_46' title='bbox 337 1055 521 1118; x_wconf 86' lang='lat' dir='ltr'>ventitabat:</span> <span class='ocrx_word' id='word_1_47' title='bbox 546 1055 593 1117; x_wconf 90' lang='lat' dir='ltr'>vir</span> <span class='ocrx_word' id='word_1_48' title='bbox 606 1055 718 1139; x_wconf 85' lang='lat' dir='ltr'>alioqui</span> <span class='ocrx_word' id='word_1_49' title='bbox 737 1056 834 1118; x_wconf 85' lang='lat' dir='ltr'>clarus</span> <span class='ocrx_word' id='word_1_50' title='bbox 847 1057 878 1119; x_wconf 71' lang='grc' dir='ltr'><strong>ἃ</strong></span> <span class='ocrx_word' id='word_1_51' title='bbox 890 1058 1008 1138; x_wconf 55' lang='lat' dir='ltr'>gravio*</span> 
     </span>
     <span class='ocr_line' id='line_1_9' title="bbox 210 1158 1002 1242; baseline 0.001 -19"><span class='ocrx_word' id='word_1_52' title='bbox 210 1159 306 1242; x_wconf 87' lang='lat' dir='ltr'>&amp;qui</span> <span class='ocrx_word' id='word_1_53' title='bbox 326 1158 458 1242; x_wconf 77' lang='lat' dir='ltr'>prodesse</span> <span class='ocrx_word' id='word_1_54' title='bbox 477 1159 541 1222; x_wconf 89' lang='lat' dir='ltr'>filio</span> <span class='ocrx_word' id='word_1_55' title='bbox 555 1160 701 1223; x_wconf 84' lang='lat' dir='ltr'>memoria</span> <span class='ocrx_word' id='word_1_56' title='bbox 719 1159 763 1221; x_wconf 93' lang='lat' dir='ltr'>sui</span> <span class='ocrx_word' id='word_1_57' title='bbox 784 1162 900 1223; x_wconf 87' lang='lat' dir='ltr'>debeat.</span> <span class='ocrx_word' id='word_1_58' title='bbox 945 1160 1002 1224; x_wconf 86' lang='lat' dir='ltr'>Sed</span> 
     </span>
     <span class='ocr_line' id='line_1_10' title="bbox 210 1264 1002 1351; baseline 0.006 -25"><span class='ocrx_word' id='word_1_59' title='bbox 210 1264 299 1327; x_wconf 89' lang='lat' dir='ltr'>multi</span> <span class='ocrx_word' id='word_1_60' title='bbox 313 1264 439 1329; x_wconf 76' lang='lat' dir='ltr'>nuncin</span> <span class='ocrx_word' id='word_1_61' title='bbox 454 1264 576 1343; x_wconf 86' lang='lat' dir='ltr'>Senatu,</span> <span class='ocrx_word' id='word_1_62' title='bbox 596 1265 703 1351; x_wconf 85' lang='lat' dir='ltr'>quibus</span> <span class='ocrx_word' id='word_1_63' title='bbox 715 1265 835 1346; x_wconf 84' lang='lat' dir='ltr'>ignotus</span> <span class='ocrx_word' id='word_1_64' title='bbox 848 1265 909 1341; x_wconf 88' lang='lat' dir='ltr'>ille,</span> <span class='ocrx_word' id='word_1_65' title='bbox 922 1267 1002 1331; x_wconf 91' lang='lat' dir='ltr'>mul·</span> 
     </span>
     <span class='ocr_line' id='line_1_11' title="bbox 209 1368 999 1453; baseline 0 -20"><span class='ocrx_word' id='word_1_66' title='bbox 209 1370 245 1447; x_wconf 82' lang='lat' dir='ltr'>ti,</span> <span class='ocrx_word' id='word_1_67' title='bbox 268 1371 377 1453; x_wconf 88' lang='lat' dir='ltr'>quibus</span> <span class='ocrx_word' id='word_1_68' title='bbox 391 1384 489 1445; x_wconf 90' lang='lat' dir='ltr'>notus,</span> <span class='ocrx_word' id='word_1_69' title='bbox 509 1368 558 1433; x_wconf 91' lang='lat' dir='ltr'>sed</span> <span class='ocrx_word' id='word_1_70' title='bbox 573 1391 635 1433; x_wconf 94' lang='lat' dir='ltr'>non</span> <span class='ocrx_word' id='word_1_71' title='bbox 650 1369 703 1432; x_wconf 87' lang='lat' dir='ltr'>nifi</span> <span class='ocrx_word' id='word_1_72' title='bbox 716 1370 850 1433; x_wconf 85' lang='lat' dir='ltr'>viventes</span> <span class='ocrx_word' id='word_1_73' title='bbox 861 1372 999 1433; x_wconf 85' lang='lat' dir='ltr'>re&#39;veren-</span> 
     </span>
     <span class='ocr_line' id='line_1_12' title="bbox 208 1474 1002 1560; baseline -0.001 -20"><span class='ocrx_word' id='word_1_74' title='bbox 208 1489 278 1540; x_wconf 85' lang='lat' dir='ltr'>tur:</span> <span class='ocrx_word' id='word_1_75' title='bbox 301 1497 362 1560; x_wconf 92' lang='lat' dir='ltr'>quo</span> <span class='ocrx_word' id='word_1_76' title='bbox 376 1476 471 1558; x_wconf 85' lang='lat' dir='ltr'>magis</span> <span class='ocrx_word' id='word_1_77' title='bbox 491 1476 574 1551; x_wconf 91' lang='lat' dir='ltr'>huic,</span> <span class='ocrx_word' id='word_1_78' title='bbox 601 1474 706 1538; x_wconf 83' lang='lat' dir='ltr'>omissa</span> <span class='ocrx_word' id='word_1_79' title='bbox 727 1476 822 1558; x_wconf 85' lang='lat' dir='ltr'>gloria</span> <span class='ocrx_word' id='word_1_80' title='bbox 843 1477 945 1560; x_wconf 78' lang='lat' dir='ltr'>patris,</span> <span class='ocrx_word' id='word_1_81' title='bbox 970 1478 1002 1539; x_wconf 92' lang='lat' dir='ltr'>in</span> 
     </span>
     <span class='ocr_line' id='line_1_13' title="bbox 210 1581 1001 1666; baseline 0 -21"><span class='ocrx_word' id='word_1_82' title='bbox 210 1603 270 1666; x_wconf 88' lang='lat' dir='ltr'>qua</span> <span class='ocrx_word' id='word_1_83' title='bbox 303 1600 448 1663; x_wconf 88' lang='lat' dir='ltr'>magnum</span> <span class='ocrx_word' id='word_1_84' title='bbox 480 1593 703 1657; x_wconf 87' lang='lat' dir='ltr'>ornamentum,</span> <span class='ocrx_word' id='word_1_85' title='bbox 735 1581 832 1664; x_wconf 80' lang='lat' dir='ltr'>gratia</span> <span class='ocrx_word' id='word_1_86' title='bbox 870 1581 1001 1657; x_wconf 84' lang='lat' dir='ltr'>infirma,</span> 
     </span>
     <span class='ocr_line' id='line_1_14' title="bbox 210 1685 1002 1772; baseline -0.001 -22"><span class='ocrx_word' id='word_1_87' title='bbox 210 1687 262 1770; x_wconf 85' lang='lat' dir='ltr'>ipsr</span> <span class='ocrx_word' id='word_1_88' title='bbox 273 1686 446 1749; x_wconf 91' lang='lat' dir='ltr'>enitendum</span> <span class='ocrx_word' id='word_1_89' title='bbox 465 1685 495 1748; x_wconf 90' lang='lat'>&amp;</span> <span class='ocrx_word' id='word_1_90' title='bbox 517 1686 715 1749; x_wconf 86' lang='lat' dir='ltr'>laborandum</span> <span class='ocrx_word' id='word_1_91' title='bbox 735 1686 786 1749; x_wconf 85' lang='lat' dir='ltr'>est.</span> <span class='ocrx_word' id='word_1_92' title='bbox 830 1685 1002 1772; x_wconf 77' lang='lat' dir='ltr'>Qudqui-</span> 
     </span>
     <span class='ocr_line' id='line_1_15' title="bbox 210 1788 1001 1877; baseline 0.005 -24"><span class='ocrx_word' id='word_1_93' title='bbox 210 1793 280 1854; x_wconf 90' lang='lat' dir='ltr'>dem</span> <span class='ocrx_word' id='word_1_94' title='bbox 295 1788 419 1874; x_wconf 85' lang='lat' dir='ltr'>semper,</span> <span class='ocrx_word' id='word_1_95' title='bbox 441 1791 521 1875; x_wconf 80' lang='lat' dir='ltr'>quast</span> <span class='ocrx_word' id='word_1_96' title='bbox 535 1792 703 1874; x_wconf 86' lang='lat' dir='ltr'>provideret</span> <span class='ocrx_word' id='word_1_97' title='bbox 724 1792 781 1856; x_wconf 91' lang='lat' dir='ltr'>hoc</span> <span class='ocrx_word' id='word_1_98' title='bbox 802 1804 934 1877; x_wconf 85' lang='lat' dir='ltr'>tempus,</span> <span class='ocrx_word' id='word_1_99' title='bbox 958 1794 1001 1856; x_wconf 86' lang='lat' dir='ltr'>se-</span> 
     </span>
     <span class='ocr_line' id='line_1_16' title="bbox 212 1893 1000 1982; baseline 0.006 -24"><span class='ocrx_word' id='word_1_100' title='bbox 212 1897 285 1960; x_wconf 90' lang='lat' dir='ltr'>dulo</span> <span class='ocrx_word' id='word_1_101' title='bbox 297 1893 378 1973; x_wconf 89' lang='lat' dir='ltr'>fecit,</span> <span class='ocrx_word' id='word_1_102' title='bbox 399 1897 514 1981; x_wconf 86' lang='lat' dir='ltr'>paravit</span> <span class='ocrx_word' id='word_1_103' title='bbox 528 1898 651 1974; x_wconf 88' lang='lat' dir='ltr'>amicos,</span> <span class='ocrx_word' id='word_1_104' title='bbox 673 1919 747 1982; x_wconf 87' lang='lat' dir='ltr'>quos</span> <span class='ocrx_word' id='word_1_105' title='bbox 761 1911 927 1982; x_wconf 84' lang='lat' dir='ltr'>paraverat,</span> <span class='ocrx_word' id='word_1_106' title='bbox 949 1920 1000 1963; x_wconf 88' lang='lat' dir='ltr'>co·</span> 
     </span>
     <span class='ocr_line' id='line_1_17' title="bbox 211 2002 1002 2090; baseline 0.004 -25"><span class='ocrx_word' id='word_1_107' title='bbox 211 2002 287 2066; x_wconf 87' lang='lat' dir='ltr'>luit:</span> <span class='ocrx_word' id='word_1_108' title='bbox 308 2023 363 2071; x_wconf 87' lang='lat' dir='ltr'>me</span> <span class='ocrx_word' id='word_1_109' title='bbox 383 2016 472 2080; x_wconf 86' lang='lat' dir='ltr'>certe,</span> <span class='ocrx_word' id='word_1_110' title='bbox 501 2016 534 2066; x_wconf 88' lang='lat' dir='ltr'>ut</span> <span class='ocrx_word' id='word_1_111' title='bbox 555 2003 687 2087; x_wconf 91' lang='lat' dir='ltr'>primum</span> <span class='ocrx_word' id='word_1_112' title='bbox 710 2003 766 2067; x_wconf 87' lang='lat' dir='ltr'>fibi·</span> <span class='ocrx_word' id='word_1_113' title='bbox 786 2016 858 2067; x_wconf 83' lang='lat' dir='ltr'>aetas</span> <span class='ocrx_word' id='word_1_114' title='bbox 867 2005 1002 2090; x_wconf 73' lang='lat' dir='ltr'>judicare</span> 
     </span>
    </p>

    <p class='ocr_par' dir='ltr' id='par_1_3' title="bbox 207 2086 1034 3035">
     <span class='ocr_line' id='line_1_18' title="bbox 208 2086 1034 2193; baseline 0.005 -25"><span class='ocrx_word' id='word_1_115' title='bbox 208 2106 350 2192; x_wconf 86' lang='lat' dir='ltr'>permisrt,</span> <span class='ocrx_word' id='word_1_116' title='bbox 380 2108 418 2169; x_wconf 84' lang='lat' dir='ltr'>ad</span> <span class='ocrx_word' id='word_1_117' title='bbox 443 2128 577 2169; x_wconf 86' lang='lat' dir='ltr'>amorem</span> <span class='ocrx_word' id='word_1_118' title='bbox 600 2086 856 2193; x_wconf 87' lang='lat' dir='ltr'>imitationemque</span> <span class='ocrx_word' id='word_1_119' title='bbox 881 2110 1000 2193; x_wconf 82' lang='lat' dir='ltr'>delegit.</span> <span class='ocrx_word' id='word_1_120' title='bbox 1031 2086 1034 2105; x_wconf 53' lang='lat'><strong><em>¹</em></strong></span> 
     </span>
     <span class='ocr_line' id='line_1_19' title="bbox 212 2211 998 2289; baseline -0.006 -8"><span class='ocrx_word' id='word_1_121' title='bbox 212 2212 336 2281; x_wconf 84' lang='lat' dir='ltr'>Dicenti</span> <span class='ocrx_word' id='word_1_122' title='bbox 358 2212 433 2274; x_wconf 90' lang='lat' dir='ltr'>mihi</span> <span class='ocrx_word' id='word_1_123' title='bbox 452 2211 562 2275; x_wconf 89' lang='lat' dir='ltr'>solicite</span> <span class='ocrx_word' id='word_1_124' title='bbox 581 2213 698 2289; x_wconf 77' lang='lat' dir='ltr'>adsistit,</span> <span class='ocrx_word' id='word_1_125' title='bbox 711 2213 821 2277; x_wconf 63' lang='lat' dir='ltr'>assidet</span> <span class='ocrx_word' id='word_1_126' title='bbox 841 2215 998 2289; x_wconf 66' lang='lat' dir='ltr'>recitantig</span> 
     </span>
     <span class='ocr_line' id='line_1_20' title="bbox 209 2317 1004 2403; baseline 0.001 -22"><span class='ocrx_word' id='word_1_127' title='bbox 209 2317 323 2402; x_wconf 86' lang='lat' dir='ltr'>primus</span> <span class='ocrx_word' id='word_1_128' title='bbox 334 2317 425 2380; x_wconf 84' lang='lat' dir='ltr'>etiam</span> <span class='ocrx_word' id='word_1_129' title='bbox 439 2318 470 2380; x_wconf 68' lang='grc' dir='ltr'><strong><em>ἃ</em></strong></span> <span class='ocrx_word' id='word_1_130' title='bbox 487 2339 558 2380; x_wconf 90' lang='lat' dir='ltr'>cum</span> <span class='ocrx_word' id='word_1_131' title='bbox 571 2318 704 2381; x_wconf 82' lang='lat' dir='ltr'>maxime</span> <span class='ocrx_word' id='word_1_132' title='bbox 717 2318 901 2385; x_wconf 83' lang='lat' dir='ltr'>nascentibus</span> <span class='ocrx_word' id='word_1_133' title='bbox 915 2318 1004 2403; x_wconf 86' lang='lat' dir='ltr'>opus-¹</span> 
     </span>
     <span class='ocr_line' id='line_1_21' title="bbox 210 2421 1026 2500; baseline 0.004 -14"><span class='ocrx_word' id='word_1_134' title='bbox 210 2423 285 2487; x_wconf 84' lang='lat' dir='ltr'>culis</span> <span class='ocrx_word' id='word_1_135' title='bbox 308 2423 386 2486; x_wconf 85' lang='lat' dir='ltr'>meis</span> <span class='ocrx_word' id='word_1_136' title='bbox 400 2421 528 2498; x_wconf 81' lang='lat' dir='ltr'>interest,</span> <span class='ocrx_word' id='word_1_137' title='bbox 550 2444 631 2486; x_wconf 89' lang='lat' dir='ltr'>nunc</span> <span class='ocrx_word' id='word_1_138' title='bbox 645 2422 735 2500; x_wconf 85' lang='lat' dir='ltr'>solus,</span> <span class='ocrx_word' id='word_1_139' title='bbox 757 2438 825 2486; x_wconf 88' lang='lat' dir='ltr'>ante</span> <span class='ocrx_word' id='word_1_140' title='bbox 848 2445 918 2488; x_wconf 85' lang='lat' dir='ltr'>eum</span> <span class='ocrx_word' id='word_1_141' title='bbox 939 2423 1001 2489; x_wconf 86' lang='lat' dir='ltr'>fra·</span> <span class='ocrx_word' id='word_1_142' title='bbox 1024 2450 1026 2456; x_wconf 93' lang='lat'>·</span> 
     </span>
     <span class='ocr_line' id='line_1_22' title="bbox 209 2527 1003 2614; baseline 0.003 -23"><span class='ocrx_word' id='word_1_143' title='bbox 209 2542 265 2605; x_wconf 92' lang='lat' dir='ltr'>tre,</span> <span class='ocrx_word' id='word_1_144' title='bbox 281 2527 367 2612; x_wconf 86' lang='lat' dir='ltr'>cujus</span> <span class='ocrx_word' id='word_1_145' title='bbox 381 2549 476 2611; x_wconf 89' lang='lat' dir='ltr'>nuper</span> <span class='ocrx_word' id='word_1_146' title='bbox 489 2527 585 2605; x_wconf 76' lang='lat' dir='ltr'>amisit</span> <span class='ocrx_word' id='word_1_147' title='bbox 599 2549 654 2611; x_wconf 88' lang='lat' dir='ltr'>ego</span> <span class='ocrx_word' id='word_1_148' title='bbox 663 2527 809 2612; x_wconf 82' lang='lat' dir='ltr'>suscipere</span> <span class='ocrx_word' id='word_1_149' title='bbox 823 2542 933 2613; x_wconf 60' lang='lat' dir='ltr'>partes,</span> <span class='ocrx_word' id='word_1_150' title='bbox 947 2552 1003 2614; x_wconf 83' lang='lat' dir='ltr'>ego</span> 
     </span>
     <span class='ocr_line' id='line_1_23' title="bbox 211 2633 1001 2720; baseline 0.004 -22"><span class='ocrx_word' id='word_1_151' title='bbox 211 2636 308 2701; x_wconf 86' lang='lat' dir='ltr'>vicem</span> <span class='ocrx_word' id='word_1_152' title='bbox 318 2634 412 2696; x_wconf 86' lang='lat' dir='ltr'>debeo</span> <span class='ocrx_word' id='word_1_153' title='bbox 420 2633 554 2720; x_wconf 78' lang='lat' dir='ltr'>implere.</span> <span class='ocrx_word' id='word_1_154' title='bbox 601 2633 702 2700; x_wconf 83' lang='lat' dir='ltr'>Doleo</span> <span class='ocrx_word' id='word_1_155' title='bbox 713 2634 932 2701; x_wconf 70' lang='lat' dir='ltr'>enimuillum</span> <span class='ocrx_word' id='word_1_156' title='bbox 943 2636 1001 2713; x_wconf 84' lang='lat' dir='ltr'>im·</span> 
     </span>
     <span class='ocr_line' id='line_1_24' title="bbox 211 2738 1002 2824; baseline -0.004 -19"><span class='ocrx_word' id='word_1_157' title='bbox 211 2755 328 2805; x_wconf 85' lang='lat' dir='ltr'>matura</span> <span class='ocrx_word' id='word_1_158' title='bbox 340 2751 436 2804; x_wconf 89' lang='lat' dir='ltr'>morte</span> <span class='ocrx_word' id='word_1_159' title='bbox 449 2738 648 2822; x_wconf 83' lang='lat' dir='ltr'>indignissnne</span> <span class='ocrx_word' id='word_1_160' title='bbox 663 2752 793 2822; x_wconf 85' lang='lat' dir='ltr'>raptum,</span> <span class='ocrx_word' id='word_1_161' title='bbox 808 2740 935 2805; x_wconf 81' lang='lat' dir='ltr'>&amp;hunc</span> <span class='ocrx_word' id='word_1_162' title='bbox 948 2761 1002 2824; x_wconf 83' lang='lat' dir='ltr'>op-</span> 
     </span>
     <span class='ocr_line' id='line_1_25' title="bbox 207 2837 1002 2930; baseline 0.004 -21"><span class='ocrx_word' id='word_1_163' title='bbox 207 2837 278 2909; x_wconf 90' lang='lat' dir='ltr'>timi</span> <span class='ocrx_word' id='word_1_164' title='bbox 292 2843 390 2909; x_wconf 85' lang='lat' dir='ltr'>fratris</span> <span class='ocrx_word' id='word_1_165' title='bbox 403 2844 577 2930; x_wconf 86' lang='lat' dir='ltr'>adjumento</span> <span class='ocrx_word' id='word_1_166' title='bbox 591 2844 773 2923; x_wconf 79' lang='lat' dir='ltr'>destitutum,</span> <span class='ocrx_word' id='word_1_167' title='bbox 788 2843 911 2930; x_wconf 89' lang='lat' dir='ltr'>solisque</span> <span class='ocrx_word' id='word_1_168' title='bbox 924 2846 1002 2913; x_wconf 84' lang='lat' dir='ltr'>arui·</span> 
     </span>
     <span class='ocr_line' id='line_1_26' title="bbox 210 2949 1005 3035; baseline -0.001 -19"><span class='ocrx_word' id='word_1_169' title='bbox 210 2953 252 3016; x_wconf 87' lang='lat' dir='ltr'>cis</span> <span class='ocrx_word' id='word_1_170' title='bbox 265 2952 413 3017; x_wconf 68' lang='lat' dir='ltr'>relisium.</span> <span class='ocrx_word' id='word_1_171' title='bbox 458 2950 580 3035; x_wconf 80' lang='lat' dir='ltr'>Quibus</span> <span class='ocrx_word' id='word_1_172' title='bbox 606 2971 645 3014; x_wconf 82' lang='lat' dir='ltr'>ex</span> <span class='ocrx_word' id='word_1_173' title='bbox 663 2949 754 3014; x_wconf 77' lang='lat' dir='ltr'>causo</span> <span class='ocrx_word' id='word_1_174' title='bbox 776 2951 874 3035; x_wconf 78' lang='lat' dir='ltr'>exigo,</span> <span class='ocrx_word' id='word_1_175' title='bbox 901 2963 936 3014; x_wconf 91' lang='lat' dir='ltr'>ut</span> <span class='ocrx_word' id='word_1_176' title='bbox 949 2957 1005 3015; x_wconf 54' lang='lat' dir='ltr'>ve*</span> 
     </span>
    </p>
   </div>
   <div class='ocr_carea' id='block_1_3' title="bbox 0 0 1165 3767">
    <p class='ocr_par' dir='ltr' id='par_1_4' title="bbox 0 0 1165 3767">
     <span class='ocr_line' id='line_1_27' title="bbox 0 0 1165 3767; baseline 0 0"><span class='ocrx_word' id='word_1_177' title='bbox 0 0 1165 3767; x_wconf 95' lang='lat' dir='ltr'> </span> 
     </span>
    </p>
   </div>
  </div>
 </body>
</html>
