2317 3767
232 255 294 327 288
394 274 429 323 c.
453 273 569 321 nm.
595 273 858 323 ammom.

279 528 356 591 xv.'
380 542 414 588 c.
439 542 587 588 mimus
613 539 827 587 sereniano
854 539 976 587 suos.

161 766 163 770 ·
232 686 440 814 Remulus
460 734 533 819 quid
547 736 659 819 agam?
680 755 741 820 quo
762 731 848 810 nosti,
868 732 1025 818 distringor
1151 802 1152 807 γ

230 838 341 916 officio,
363 841 468 905 amicis
481 836 624 917 deservio,
644 839 746 904 studeo
760 839 921 915 interdum,
941 841 1023 923 quod

230 966 292 1009 non
314 946 477 1022 interdum,
502 944 551 1008 sed
577 944 686 1023 solum,
715 944 887 1029 semperque
912 942 1020 1021 facere,

231 1072 294 1115 non
318 1052 414 1115 audeo
436 1052 532 1116 dicere
554 1050 674 1127 reffius,
698 1063 777 1113 certe
798 1050 914 1113 beatius
935 1062 1019 1113 erat:

231 1169 261 1218 te
274 1155 334 1219 asia
353 1156 467 1232 omnia,
490 1177 583 1242 quam
604 1178 674 1240 quae
687 1155 762 1219 velis
780 1175 877 1238 agere,
900 1155 1021 1219 moleste

231 1259 353 1340 serrem,
372 1262 425 1325 nisi
447 1283 483 1326 ea
505 1283 573 1346 quae
598 1261 673 1345 agis,
699 1260 789 1325 essent
808 1259 1017 1324 honestiflima.

232 1366 318 1433 Nam
332 1370 363 1433 &
378 1367 563 1452 Reipublicae
577 1366 637 1431 suae
651 1367 770 1452 negotia
782 1386 896 1442 curare,
918 1367 949 1430 &
963 1365 1021 1429 dis·

231 1487 347 1559 ceptare
371 1473 449 1537 inter
469 1472 593 1549 amicos,
626 1474 716 1535 laude
744 1471 946 1555 dignissimum
966 1470 1018 1535 est.

232 1578 323 1643 Prisci
349 1577 579 1642 contubernium
604 1578 775 1662 jucundum
803 1578 858 1640 tibi
883 1574 1021 1641 futurum

232 1684 372 1761 sciebam,
392 1703 535 1746 noveram
549 1682 765 1767 simplieitatem
781 1683 858 1767 ejus,
877 1702 1021 1746 noveram

232 1789 425 1854 comitatemz
459 1790 588 1851 eundem
617 1788 685 1865 esse,
723 1791 803 1874 quod
834 1788 934 1851 minus
963 1810 1018 1855 no·

233 1915 309 1971 ram,
330 1893 524 1977 gratissimum
542 1895 688 1978 experior,
723 1896 803 1978 quod
825 1906 888 1957 tam
909 1895 1020 1978 jucun-

232 2002 270 2062 de
291 1997 458 2065 officiorum
483 1999 648 2063 nostrorum
669 1999 835 2064 meminisse
860 2019 930 2063 eum
951 1997 1021 2065 scri-

232 2106 297 2168 bas.
342 2102 430 2167 Vale.

260 2336 345 2382 xvl.
377 2335 411 2381 (ἶ.
435 2334 581 2380 PLINIUS
608 2334 756 2380 FABATO
782 2333 992 2382 mosomo

568 2440 636 2487 SUO
659 2442 688 2485 S.

236 2587 509 2704 Cimsmuu
533 2630 692 2718 Tyronem
711 2630 935 2705 familiariffime
952 2633 1022 2697 dili·

231 2763 281 2827 go,
301 2741 466 2827 &privatis
480 2739 557 2806 mihi
574 2738 746 2822 &publicis
763 2737 1023 2821 necessitudinibus

231 2847 422 2932 implicitum.
466 2843 563 2908 Simul
588 2843 796 2919 militavimus,
818 2842 906 2907 fimul
927 2841 1023 2927 quaes·

231 2967 309 3019 tores
332 2950 460 3019 caesaris
482 2947 607 3013 fumus.
654 2946 712 3012 Ille
731 2967 782 3015 me
799 2948 832 3013 in
846 2945 1023 3017 Tsibunatu
