2317 3767
211 241 274 312 226
382 262 415 308 c.
441 263 556 308 ratu.
580 260 851 307 aursidana.

330 529 368 574 V·
406 527 439 574 C·
465 529 614 573 mutua
638 526 730 575 Unso
752 526 821 573 SUO
839 527 868 575 S·
958 535 961 539 ’

217 675 472 793 Scmrsmn
488 719 612 785 tenuisse
628 719 797 794 Varenum,
819 731 853 781 ut
866 717 918 782 sibi
933 739 1006 788 evo·
1115 703 1119 710 ¹

211 849 277 900 care
300 826 385 897 testes
407 827 519 903 liceret,
544 828 625 910 quod
639 822 774 909 pluribus
787 842 923 908 aequum,
937 826 1005 910 qui·

212 932 337 996 busdam
356 933 505 1016 iniquum,
531 932 706 1016 &quidem
733 930 930 1013 pertinaciter,
956 930 1004 993 vi-

213 1037 303 1115 sum,
330 1038 462 1101 maxime
487 1036 608 1103 Licinio
637 1035 765 1120 Nepoti,
794 1036 846 1120 qui
861 1035 1004 1120 ,sequenti

214 1144 336 1220 Senatu,
351 1145 474 1207 cumde
489 1145 577 1205 rebus
592 1142 658 1205 aliis
671 1139 838 1218 referretur,
864 1143 901 1207 de
915 1163 1004 1226 prox·

214 1249 277 1319 imo
292 1247 546 1317 Senatusconsulto
565 1247 708 1324 disseruit,
734 1247 908 1332 finitamque
925 1246 1004 1312 taur

214 1355 475 1425 saturetradiavit.
528 1353 782 1430 Addiditetiam,
804 1356 965 1437 petendum
986 1356 1008 1418 a

216 1461 411 1538 ConsulibuS,
431 1473 465 1524 ut
478 1456 620 1523 referrent
633 1458 686 1524 sub
701 1461 838 1544 exemplo
850 1459 922 1541 legis
938 1479 1005 1520 am-
1018 1470 1020 1474 ’

215 1569 307 1645 bitus,
323 1568 360 1629 de
374 1568 438 1648 lege
454 1567 697 1648 repetundarum,
715 1586 753 1628 an
768 1567 896 1650 placeret
908 1565 940 1627 in
954 1562 1005 1627 su·

216 1687 316 1739 turum
334 1672 372 1734 ad
385 1691 452 1732 eam
464 1671 562 1753 legem
575 1670 674 1754 adjici,
691 1686 725 1734 ut
738 1671 810 1734 sicut
831 1668 1005 1737 accusatorie

215 1783 271 1843 bus
285 1776 464 1861 inquirendi,
487 1775 661 1861 testibusque
675 1777 872 1845 denuntiandi
883 1775 1006 1860 potestas

216 1906 254 1948 ex
269 1905 303 1946 ea
316 1885 380 1967 lege
392 1883 480 1948 esset:
497 1884 539 1946 ita
552 1884 609 1947 reis
617 1904 734 1968 quoque
745 1883 838 1947 fieret.
872 1883 1006 1946 Fuerunt

216 1991 325 2076 quibus
346 1991 411 2053 haec
425 1991 489 2074 ejus
510 1991 618 2067 oratio,
640 2001 674 2052 ut
687 1988 749 2055 sera
773 1990 804 2053 ἃ
825 1987 1005 2072 intempesti-

218 2116 269 2172 va,
283 2097 314 2159 δι
332 2095 515 2178 praepostera,
531 2094 711 2179 displiceret:
731 2116 800 2180 quae
813 2094 919 2160 omisso
932 2114 1005 2159 cun-
1107 2143 1110 2147 -

218 2201 380 2265 tradicendi
405 2213 537 2283 tempore
567 2200 730 2283 castigaret*
754 2202 918 2285 petatium,
957 2200 1006 2265 cui

217 2306 354 2392 potuisset
371 2325 538 2390 occurrere.
583 2306 741 2390 Jubentius
763 2307 885 2391 quidem
900 2305 1006 2370 Celsus

220 2411 345 2489 Praetor,
376 2426 519 2497 tanquam
548 2413 770 2476 emendatorem
805 2412 941 2488 Senatus,
974 2413 1006 2477 δι

219 2520 335 2595 multis,
360 2520 391 2582 ἃ
415 2519 606 2582 vehementer
631 2518 786 2602 increpuit.
844 2516 1007 2601 Respondit

220 2623 337 2711 Nepos,
362 2622 514 2707 rursusque
539 2621 664 2689 Celsusr
692 2637 796 2686 neuter
819 2624 1007 2688 contumeliis

219 2732 404 2816 temperavit.
431 2729 518 2793 Nolo
528 2724 648 2805 referre,
658 2750 729 2813 quae
738 2730 797 2792 dici
808 2732 846 2797 ab
857 2727 922 2814 ipsis
939 2750 1006 2795 mo-
1093 2771 1095 2773 ·

220 2838 289 2900 leste
302 2838 377 2900 tulit
404 2856 465 2920 quo
475 2834 570 2917 magis
584 2832 726 2919 quosdam
739 2834 895 2901 enumero
908 2834 1007 2898 nostro

221 2943 398 3028 improbavi,
412 2940 463 3026 qui
477 2941 569 3006 modo
583 2941 620 3004 ad
635 2937 771 3021 Celsum,
783 2943 875 3006 modo
887 2942 927 3005 ad
939 2938 1007 3005 Ne·
