2317 3767
221 286 283 353 272
381 288 415 332 c.
438 288 553 334 rain.
584 290 845 337 rrrsroear.

212 449 271 512 que
292 449 343 490 me
366 441 500 511 tangeret
511 430 586 506 dixi,
612 432 826 516 admotumque
835 430 902 515 jam
914 432 1007 497 labris

142 610 147 615 N
212 535 353 617 poculum
368 535 492 596 reddidi.
537 534 641 598 Postea
662 557 733 599 cum
762 535 900 599 vicesimo
922 537 1007 597 vale·

210 639 323 700 tudinis
348 640 396 701 die
427 641 546 702 balineo
569 661 761 723 praepararer,
789 639 1007 723 mussantesque

211 743 344 807 medicos
372 757 491 828 repente
513 744 670 808 vidissem:
701 743 820 808 causam
847 746 1003 829 requifivi:

210 845 432 930 responderunt,
447 849 526 933 posse
541 871 590 911 me
604 863 670 913 tuto
694 851 800 925 lavari,
827 861 1004 913 nontamen

211 953 336 1015 omnino
357 953 416 1019 stne
441 956 540 1038 aliqua
565 954 736 1038 suspicione.
781 955 867 1039 Qid
879 957 1003 1039 inquam

211 1057 322 1121 necesse
336 1059 399 1120 est?
431 1072 519 1143 atque
533 1061 575 1122 ita
600 1060 648 1143 spe
667 1061 788 1135 balinei,
816 1062 865 1122 cui
873 1061 940 1144 jam
955 1061 1002 1123 vi·

209 1165 301 1227 debat
328 1160 449 1240 inferri,
471 1166 586 1247 placide
613 1166 776 1249 leniterque
801 1165 927 1242 dimissa,
963 1167 1002 1227 ad

209 1268 414 1332 abstinentiam
451 1269 560 1347 rursus,
595 1291 656 1336 non
686 1269 766 1332 secus
788 1291 821 1332 ac
843 1272 935 1333 modo
963 1270 1002 1331 ad

209 1375 361 1437 balineum
375 1375 513 1437 animum
527 1377 704 1458 vultumque
719 1373 881 1458 composui.
918 1374 1001 1458 Quae

206 1480 262 1542 tibi
286 1479 391 1563 scripfi‚
415 1481 559 1563 primum,
589 1493 622 1541 ut
644 1492 674 1542 te
698 1500 761 1543 non
779 1479 839 1541 fine
863 1469 1001 1563 exemplo

206 1605 382 1647 monerem-2
409 1586 526 1660 deinde,
544 1597 577 1646 ut
592 1586 623 1647 in
642 1585 790 1668 posterum
803 1583 862 1667 ipse
876 1587 914 1647 ad
928 1567 1000 1647 can·

161 1742 163 1749 r
205 1692 275 1751 dem
300 1689 528 1771 temperantiam
553 1688 734 1773 astringam,
763 1710 833 1752 cum
862 1710 912 1753 me
942 1691 1009 1760 hac*
1121 1751 1124 1757 .

205 1793 325 1876 epistola
339 1795 421 1877 quasi·
432 1795 554 1878 pignore
572 1794 787 1880 obligavissem.
834 1793 922 1858 Vale.

315 2024 373 2068 11..
404 2024 437 2068 c.
464 2024 610 2068 carmus
630 2024 742 2076 Jusro
768 2024 890 2070 suos.

208 2173 547 2301 Quannononuu
563 2217 710 2299 congruit,
726 2229 759 2279 ut
774 2216 859 2279 simul
870 2217 901 2280 δε
915 2214 996 2278 affin

204 2342 268 2384 mes
299 2331 328 2382 te
357 2319 475 2382 assiduis
511 2323 753 2405 occupationibus
783 2323 930 2406 impediri,
963 2321 996 2385 ἃ

204 2425 309 2508 scripta
322 2425 417 2487 nostra
432 2425 585 2502 desideres,
607 2448 675 2511 quae
689 2429 741 2490 vix
759 2429 798 2490 ab
815 2428 915 2493 otiosis
934 2428 994 2490 ima

203 2545 316 2617 petrare
332 2532 442 2615 aliquid
457 2533 577 2615 perituri
597 2534 737 2616 temporis
751 2534 889 2618 possunt?
935 2532 994 2596 Pas

202 2641 260 2700 tiar
273 2659 343 2720 ergo
361 2638 491 2701 aestatem
505 2639 669 2721 inquietam
693 2640 792 2715 nobis,
817 2641 994 2702 exercitam·

203 2765 260 2828 que
293 2742 502 2807 transcurrere:
540 2745 571 2806 ἃ
609 2744 717 2826 hyeme
748 2746 885 2822 demum,
921 2766 993 2809 cum

202 2848 343 2911 credibile
362 2849 418 2911 erit
442 2848 580 2909 noclibus
605 2847 707 2911 saltem
723 2871 826 2913 vacare
848 2851 991 2935 tepoffe3

202 2973 333 3037 quaeram
346 2955 418 3036 quid
432 2952 614 3038 potiffimum
628 2975 665 3016 ex
679 2956 766 3039 nugis
781 2958 857 3020 meis
870 2957 926 3028 tibi
939 2976 991 3027 ere,
