2317 3767
369 267 657 330 uirenti.
869 247 911 350 37

121 418 231 501 causae,
257 424 387 509 graviter
420 415 671 511 vehementerque
697 433 822 491 vexatur
856 425 908 491 est.

124 529 216 596 Nam
225 530 258 594 de
270 531 434 595 rationibus
453 517 600 595 Martiani
611 515 644 596 ’δι
658 530 802 610 sermone,
820 553 911 618 quem

123 636 179 700 ille
191 636 333 700 habuerat
354 637 386 699 in
409 627 511 700 ordine
525 621 766 721 Leptitanorum,
789 659 910 724 operam

123 740 210 804 fitam
229 740 329 806 Prisco
348 743 387 804 ad
399 741 598 827 turpissimum
615 742 808 806 ministerium
826 765 911 808 com·

124 845 269 924 modasle,
294 847 502 932 stipulatusqde
523 849 561 910 de
587 847 742 913 Martiano
765 848 913 934 quinqua-

124 953 209 1037 ginta
230 954 335 1016 millia
347 953 504 1017 denarium
527 955 706 1038 probabatur
730 953 808 1039 ipse:
835 975 912 1039 prae·

125 1074 208 1123 terea
228 1057 367 1144 accepisse
378 1058 548 1123 'sestertium
562 1062 664 1123 decem
681 1060 787 1136 millia,
809 1057 911 1125 foedis-

125 1166 203 1230 fimo
228 1166 349 1249 quidem
368 1165 467 1242 titulo,
494 1153 617 1230 nomine
639 1166 836 1250 unguentarii,
860 1166 913 1250 qui

125 1273 232 1336 titulus
247 1272 265 1333 ἃ
278 1271 340 1335 vita
353 1270 485 1334 hominis
497 1272 611 1355 compti
632 1268 745 1354 semper
762 1272 793 1335 δι
814 1273 913 1356 pumi-

125 1378 197 1452 cati,
224 1397 285 1440 non
308 1376 495 1441 abhorrebat.
539 1375 658 1440 Placuit
678 1374 813 1439 censente
834 1374 914 1439 Cor-

126 1496 205 1546 nuto
216 1478 319 1545 reserri
332 1483 371 1544 de
391 1502 428 1545 eo
441 1481 578 1566 proximo
595 1480 724 1546 Senatu:
748 1494 820 1546 tunc
833 1479 915 1543 enirn

122 1587 208 1665 casu,
222 1589 367 1650 incertum
377 1607 417 1650 an
431 1584 619 1663 conscientia,
640 1570 786 1651 abfuerat.
810 1584 915 1651 Habes

129 1714 181 1757 res
196 1694 339 1756 umarus:
360 1692 489 1755 invicem
514 1691 632 1756 rusticas
645 1692 748 1770 scribe,
770 1693 843 1778 quid
867 1712 915 1756 ar-

126 1796 260 1866 busculae
273 1811 342 1875 tuae,
368 1798 441 1881 quid
462 1797 570 1877 vineae,
594 1799 666 1883 quid
688 1797 796 1882 segetes
814 1810 914 1882 agant,

124 1906 201 1993 quid
213 1925 286 1968 oves
297 1901 516 1968 delicatissimae.
556 1902 596 1967 ln
610 1901 737 1979 summa,
761 1901 814 1965 nili
830 1924 916 1988 aeque

125 2015 250 2096 longam
264 2010 415 2095 epistolam
440 2001 557 2087 reddes,
577 2030 639 2073 non
659 2008 798 2094 estquod
820 2009 917 2093 postea

112 2116 182 2208 ⁸nisr
197 2115 398 2180 brevillnnam
412 2116 558 2199 expedies.
605 2114 693 2180 Vale.

195 2345 272 2391 xrr.
306 2346 340 2393 c.
363 2344 511 2391 uerutus
536 2313 706 2393 A'urrnuo
723 2345 791 2393 suo
815 2346 845 2391 s.

129 2494 444 2608 AEITOss‘PI'ION
466 2537 554 2615 illud,
575 2539 656 2621 quod
669 2535 809 2622 superesse
823 2536 918 2603 Marii
1032 2503 1038 2522 ⁸

131 2640 229 2706 Prisci
237 2641 330 2707 causae
341 2643 475 2727 proxime
489 2641 668 2726 scripseram,
688 2625 785 2707 nescio
799 2664 837 2706 an
851 2642 920 2704 satis
1001 2697 1006 2708 ,

130 2747 350 2825 circumcisum,
366 2761 467 2812 tamen
480 2748 512 2813 ὅτ
524 2746 661 2811 abrasum
673 2747 725 2812 eli.
765 2746 919 2812 sinninua

130 2852 273 2916 inductus
294 2853 327 2916 in
350 2852 493 2917 Senatum
514 2850 662 2937 respondit
683 2853 803 2916 crimini
833 2863 916 2916 noto.

129 2956 248 3022 secute
261 2955 328 3022 sum
342 2957 463 3023 diversae
477 2956 626 3024 sententiae
640 2957 808 3025 Consulum
826 2958 918 3043 desig·

528 3062 556 3129 F
577 3083 597 3131 2
