2317 3767
384 274 697 322 urorum.
888 273 949 341 129

150 429 217 480 tum
231 415 320 481 tueri.
346 415 429 481 Inest
442 417 513 482 huic
523 415 739 502 computationi
753 414 888 503 sumptus
901 417 950 480 su·

11 599 15 603 .
151 523 320 607 pellediilis,
351 522 487 607 sumptus
524 524 707 601 atrienfium,
740 522 948 607 topiariorum,

150 625 318 706 fabrorum,
339 642 429 714 atque
453 629 546 692 etiam
571 629 717 693 venatorii
739 628 947 708 iadirumentiz

150 755 219 818 quae
231 735 398 818 plurimum
413 731 518 811 refert,
533 756 631 799 unum
643 735 676 798 in
686 736 788 799 locum
798 731 947 812 conseras,

151 859 189 901 an
203 839 235 904 in
250 839 364 903 diversa
378 839 537 925 dispergas.
583 839 712 917 Contra,
728 862 834 905 vereor
854 862 893 905 ne
914 842 950 905 srt

151 945 318 1024 incautum,
339 957 415 1010 'rem
437 961 501 1010 tam
515 967 658 1030 magnam
672 946 776 1011 iisdem
789 946 947 1033 tempesia-

151 1052 244 1128 tibus,
260 1051 365 1117 iisdem
387 1052 498 1118 casibus
509 1053 643 1118 subdere.
688 1052 805 1120 Tutius
818 1056 948 1133 videtur,

154 1159 270 1222 incerta
293 1156 422 1223 sortunae
443 1158 651 1244 possessionum
679 1160 873 1225 varietatibus
895 1181 948 1225 ex·

150 1264 251 1348 periri.
296 1263 401 1329 Habet
421 1267 513 1329 etiam
534 1267 668 1330 muitum
685 1266 883 1351 jucunditatis
896 1266 949 1330 soii

151 1373 281 1457 coelique
306 1373 445 1452 mutatio,
474 1372 595 1458 ipsaque
616 1374 669 1436 illa
689 1372 885 1457 peregrinatio
900 1373 949 1435 in-

149 1476 256 1541 tersita.
301 1477 386 1561 Jam,
412 1480 494 1563 quod
507 1479 728 1544 deliberationis
741 1478 848 1543 nostra
860 1492 948 1564 eaput

151 1584 204 1660 est,
226 1584 288 1667 agri
309 1582 377 1647 sunt
395 1581 521 1664 fertiles,
544 1586 681 1670 pingues,
706 1582 816 1670 aquosi.
861 1582 949 1649 Con·

151 1688 230 1752 stant
247 1690 371 1774 campis,
397 1691 506 1768 vineis,
535 1690 637 1775 sylvis,
660 1679 729 1777 quae
748 1691 905 1756 materiam
919 1691 950 1755 ἀ

151 1814 191 1858 ex
217 1814 253 1857 ea
274 1795 402 1859 reditum
417 1794 489 1863 ficut
502 1797 668 1874 modicum,
695 1797 738 1861 ita
750 1797 858 1862 statum
871 1818 949 1882 prae-

149 1900 238 1964 stant.
285 1899 343 1964 Sed
362 1901 429 1965 haee
451 1896 577 1965 felicitas
591 1916 690 1977 terrae,
706 1902 864 1966 imbecillis
881 1906 947 1968 cul-

150 2008 266 2071 toribus
289 2003 441 2091 fatigatur.
485 2006 573 2078 Nam
599 2004 736 2090 possessor
750 2007 832 2091 prior
844 2007 949 2094 sapius

150 2114 285 2177 vendidit
308 2113 450 2197 pignora:
481 2114 512 2178 ἀ
533 2116 609 2176 dum
631 2114 745 2198 reliqua
771 2115 948 2180 colonorum

151 2220 262 2289 minuit
275 2220 313 2281 ad
331 2232 460 2304 tempus,
481 2218 559 2283 vires
580 2221 614 2282 in
636 2220 784 2304 posterum
803 2220 947 2299 exhausit,

151 2346 280 2410 quamm
304 2321 471 2390 deseffione
485 2328 579 2390 rubus
599 2327 630 2392 ἃ
644 2327 744 2412 aliqua
757 2328 949 2392 incommoda

51 2459 53 2462 ·
150 2443 318 2495 creverunt.
352 2431 429 2495 Sunt
442 2452 514 2516 ergo
528 2432 691 2496 instmendi
702 2434 872 2518 complures
882 2430 948 2497 sru-

148 2537 358 2623 gimaneipes.
402 2537 491 2603 Nam
513 2559 569 2603 nec
594 2536 654 2623 ipse
680 2536 805 2624 usquam
831 2539 948 2604 vindos

148 2644 261 2721 habeo,
285 2665 340 2709 nec
368 2644 411 2708 ibi
432 2642 591 2730 quisquam
612 2644 749 2730 superesi.
805 2645 853 2711 Ut
876 2643 948 2709 scias

147 2752 255 2835 quanti
285 2751 443 2815 videantur
465 2750 546 2836 posse
573 2751 645 2828 emi,
671 2750 808 2815 Sestertio
835 2750 946 2827 tricies,

147 2876 214 2919 non
232 2856 304 2941 quia
330 2877 392 2920 non
414 2857 574 2942 aiiquando
598 2858 794 2942 quinqurgies
821 2852 946 2933 suerint,

149 2982 259 3028 vemm
277 2964 379 3030 &hac
401 2964 525 3049 penuria
536 2965 714 3029 colonorum
739 2964 771 3029 ἀ
793 2964 949 3030 communi
