2317 3767
393 282 586 330 uruca
632 280 699 328 111.
883 278 944 347 r27

154 445 207 512 per
232 421 455 511 tempestatibus
485 445 539 509 per
571 424 699 488 biduum
729 432 945 500 convenerunt,

154 529 284 617 cumque
305 528 447 594 modestia
468 552 535 593 mee
558 521 652 593 linem
674 527 837 593 recitationi
849 523 946 591 facero

155 637 302 713 voluisset,
317 650 350 700 ut
360 636 521 721 adjicerem
535 634 657 698 tertium
668 635 760 712 diem,
771 645 943 717 exegerunt.

155 732 239 807 Mihi
259 744 341 806 hunc
365 743 512 805 honorem
530 741 668 804 habiturn
691 753 809 825 putem,
830 760 870 803 an
882 737 945 803 stur

156 849 234 913 diis?
258 847 361 911 studiis
382 848 477 924 malo,
502 867 570 932 quae
595 867 685 931 prope
710 845 842 909 extincta
863 840 944 908 reso-
1016 911 1020 916 ,

153 968 272 1019 ventur.
316 953 361 1017 At
374 954 423 1017 cui
438 954 570 1016 materiae
585 953 661 1015 hanc
670 949 856 1014 sedulitatem
865 971 943 1035 prte-

153 1061 308 1124 stiterunt?
333 1077 439 1142 nempe
452 1079 545 1142 quam
563 1057 596 1121 in
616 1057 726 1122 Senatu
738 1077 869 1143 quoque,
891 1054 944 1120 ubi

154 1163 267 1249 perpeti
288 1163 400 1247 necesse
420 1177 495 1242 erat,
520 1164 638 1247 gravari
655 1176 757 1226 tamen
769 1163 819 1227 vel
832 1161 945 1246 pundlo

153 1270 297 1355 temporis
308 1265 485 1333 solebamus.
529 1268 647 1334 Eadem
665 1289 745 1332 nunc
758 1270 789 1333 δι
802 1267 854 1354 qui
867 1269 943 1331 recia

154 1378 221 1453 tari,
245 1378 276 1439 δι
295 1375 347 1459 qui
362 1376 463 1438 audire
481 1375 581 1439 triduo
601 1374 707 1450 velint,
726 1374 943 1438 inveniuntura

152 1503 215 1545 non
229 1482 300 1566 quia
313 1482 499 1565 eloquentius
512 1502 607 1566 quam
618 1480 712 1564 prius,
721 1478 770 1541 sed
784 1480 855 1564 quia
867 1479 944 1541 libe·

153 1588 228 1663 rius,
251 1586 376 1671 ideoque
392 1569 485 1650 ¹etiam
501 1588 643 1650 libentius
656 1585 802 1656 scribitur.
845 1584 944 1648 Acce-

153 1695 208 1755 det
224 1713 293 1775 ergo
305 1694 362 1756 hoc
375 1714 494 1777 quoque
517 1693 656 1755 laudibus
673 1689 819 1776 Principis
839 1689 943 1768 nostri,

152 1800 238 1884 quod
259 1819 304 1861 res
328 1813 415 1862 antea
436 1811 500 1861 tam
525 1792 620 1861 invisa
639 1818 730 1881 quam
752 1792 837 1875 salsa,
862 1817 944 1862 nunc

152 1917 188 1968 ut
204 1924 285 1979 vera,
312 1902 353 1966 ita
373 1904 512 1967 amabilis
533 1900 615 1966 faeta
633 1903 683 1967 est.
728 1902 786 1968 Sed
800 1924 855 1987 ego
872 1923 943 1967 etun

152 2011 284 2073 studium
298 2009 496 2086 audientium,
519 2023 586 2072 tum
603 2010 754 2093 judicium
779 2009 854 2072 mire
874 2029 944 2093 pro·

151 2117 235 2179 bavi.
288 2113 500 2179 Animadverti
519 2115 602 2178 enim
626 2113 801 2179 severisstma
818 2134 946 2199 quaeque

151 2224 202 2285 vel
216 2222 347 2284 maxime
365 2218 541 2285 satisfacere.
586 2219 720 2285 Memini
734 2221 869 2305 quidem,
895 2242 946 2285 me

154 2348 218 2389 non
234 2328 337 2406 multis
353 2327 483 2391 recitasse
496 2328 577 2411 quod
597 2325 738 2390 omnibus
751 2325 867 2413 scripsi:
896 2328 946 2392 ni·

153 2433 319 2496 hilominus
341 2447 455 2511 tamen,
478 2446 622 2517 tanquam
636 2431 671 2495 stt
684 2432 788 2497 eadem
807 2433 946 2497 omnium

153 2535 258 2601 futura
277 2537 429 2615 sententia,
454 2540 511 2601 hac
532 2521 685 2602 severitate
705 2538 824 2602 aurium
848 2540 945 2602 laetor.

155 2643 206 2708 Ac
220 2643 291 2707 ficut
304 2646 380 2708 olim
394 2646 510 2708 theatra
523 2645 603 2708 male
617 2644 742 2708 musicos
764 2663 870 2708 canere
891 2643 946 2706 do
975 2700 980 2709 .

150 2763 291 2825 cuerunt,
315 2749 356 2812 ita
370 2751 496 2813 nuncin
515 2749 597 2836 spem
615 2752 745 2815 adducor
769 2748 849 2834 posse
870 2744 949 2824 fierit

152 2852 191 2920 ut
200 2858 312 2919 'eadem
325 2857 440 2919 theatra
458 2859 535 2921 bene
547 2878 654 2921 canere
667 2855 794 2921 musicos
809 2855 947 2918 doceant.

151 2960 275 3026 Omnes
288 2963 371 3025 enim
385 2962 445 3064 qui«
452 2960 586 3052 placendi
605 2960 692 3026 causa
713 2960 856 3054 scribunt,
871 2979 947 3045 qua*
