2317 3767
416 282 607 329 ιιιιιι
653 285 724 332 ιιι.
905 284 962 351 117

171 425 271 488 miam
295 424 423 507 gloriam
445 424 582 489 memisse
604 446 665 502 me,
686 439 723 490 ut
747 427 799 490 ille
812 426 962 510 praedicat,

171 532 280 595 eredo:
304 529 354 591 sed
376 539 504 593 tantum
519 528 653 615 effugisse
674 532 831 616 flagitium.
876 533 963 597 Nam

175 634 208 697 ἃ
227 634 269 699 C.
287 634 467 699 Musonium
480 635 614 702 socerum
627 637 703 722 ejua,
730 651 876 722 quantum
897 638 963 702 lici·

167 752 241 803 tum
263 739 304 802 est
327 761 381 823 per
393 752 524 817 aetatem,
551 762 622 804 cum
646 744 841 807 admiratione
859 744 962 819 dilexi,

175 847 206 909 δι
219 844 448 910 Artemidorum
461 845 557 929 ipsum
568 848 635 930 jam
647 861 725 924 tum,
749 870 819 912 eum
834 850 865 911 in
880 849 963 933 Syria

174 952 312 1014 tribunus
341 952 513 1028 militarem,
541 953 624 1015 areta
651 950 851 1017 familiaritate
878 976 962 1020 eom-

175 1057 280 1139 plexus
294 1055 379 1122 sum:
403 1047 492 1141 idque
505 1058 642 1141 'primum
660 1060 835 1122 nonnullius
854 1061 962 1123 indolis

175 1162 245 1225 dedi
258 1160 417 1244 specimen,
438 1164 519 1246 quod
533 1162 634 1225 virum
647 1175 700 1226 aut
713 1163 884 1248 sapientem,
909 1179 962 1229 aut

173 1267 358 1349 proximum,
384 1266 629 1351 fimillimumque
656 1267 777 1351 sapienti
800 1271 961 1354 intelligere

175 1372 242 1437 sum
257 1371 346 1436 visus.
378 1372 465 1437 Nam
475 1394 513 1436 ex
522 1375 677 1452 omnibus,
692 1375 744 1458 qui
758 1394 838 1437 nunc
852 1375 880 1436 se
893 1375 960 1458 pniss

174 1455 317 1570 iosophosv
325 1489 444 1555 vocant,
464 1480 517 1542 vix
541 1498 637 1542 unum
660 1492 712 1541 aut
733 1480 861 1541 altennn
877 1481 960 1543 inve·

175 1584 239 1652 ntes
262 1596 345 1646 tanta
352 1613 356 1649 -,
367 1584 539 1662 uiceritate,
574 1596 657 1647 tanta
686 1586 821 1648 veritate.
866 1584 962 1649 Mitto

175 1708 238 1772 qua
249 1689 386 1770 patientia
399 1692 539 1773 corporis,
562 1690 684 1774 hyemes
692 1690 792 1775 juxta,
804 1690 836 1755 dt
850 1690 962 1755 aestates

175 1792 262 1877 serat,
281 1807 314 1856 ut
326 1796 415 1858 nullis
428 1795 688 1873 laboribua'cedat,
700 1808 735 1858 ut
747 1796 825 1859 nihil
834 1797 867 1861 in
880 1797 959 1875 cibo,

173 1902 206 1971 in
227 1913 299 1986 potu
325 1901 525 1987 voluptatibus
555 1900 677 1976 tribuat,
708 1912 744 1962 ut
767 1901 868 1964 oculos
895 1904 960 1967 ani·

175 2029 320 2093 mumque
342 2006 502 2071 contineat.
547 2004 624 2069 Sunt
636 2006 702 2068 haec
716 2026 837 2089 magna,
861 2006 910 2071 sed
928 2010 960 2072 in

174 2116 254 2180 alio':
273 2114 311 2176 ‘in
323 2115 383 2175 hoc
402 2132 484 2188 vero,
508 2112 647 2188 minima,
673 2112 704 2175 s1=
716 2113 829 2175 caeteris
842 2114 959 2177 virtuti-

174 2223 232 2283 bus
260 2230 486 2301 comparentur:
517 2217 627 2301 quibua
652 2219 772 2294 meruit,
801 2232 836 2281 ut
868 2221 886 2283 ai
915 2218 957 2284 C.

174 2324 320 2396 Musonio
332 2344 370 2386 ex
383 2323 525 2389 omnibus
538 2323 676 2387 omnium
690 2323 828 2387 ordinum
839 2324 959 2390 alletia·

175 2430 289 2515 toribus
311 2440 401 2512 gener
414 2427 624 2492 adsumeretur.
669 2427 751 2512 Qtae
773 2430 849 2502 mihi
863 2433 960 2496 recor-

174 2536 259 2602 danti
283 2535 329 2606 est,
349 2535 471 2618 quidem
488 2534 670 2619 jucundum,
704 2537 784 2619 quod
813 2556 872 2612 me
888 2557 959 2599 eum

173 2642 254 2724 apud
267 2641 352 2716 alios,
378 2652 445 2703 tum
462 2640 539 2723 apud
553 2651 584 2702 te
596 2640 686 2702 tantis
700 2640 838 2706 laudibus
852 2663 959 2706 cumu-

172 2748 228 2816 lat,
274 2746 389 2811 Vereor
406 2758 510 2808 tamen
523 2766 560 2809 ne
572 2748 698 2810 modurn
712 2748 842 2821 excedat,
868 2766 958 2828 quem

172 2854 339 2937 benignitas
353 2853 416 2937 ejus
435 2853 518 2937 (illuc
532 2852 614 2915 enim
629 2853 708 2915 unde
718 2852 797 2934 eoepi
818 2848 959 2930 revertor)

171 2980 235 3025 non
247 2957 320 3022 solet
333 2969 442 3022 tenere.
486 2955 573 3021 Nam
595 2959 626 3021 in
649 2958 706 3020 hoc
728 2976 790 3020 uno
810 2955 959 3020 interdum

545 3061 604 3147 13
