2317 3767
209 240 269 328 328
371 260 404 308 c.
429 262 543 307 airu.
571 263 831 312 arisaoraa.

208 418 282 488 quas
303 403 407 466 obvias
421 422 539 490 quoque
557 406 588 470 ὅτ
602 408 750 470 contrario
763 406 827 471 nisu
841 408 874 473 in
888 408 1004 472 diversa

208 511 373 585 tendentes,
400 509 572 575 transmittit
592 512 624 574 dt
642 510 769 595 perfert:
797 515 871 576 adeo
885 515 1004 576 validus

210 627 243 677 ut
265 614 317 676 illa
332 635 391 697 qua
405 628 552 699 properat,
578 616 637 701 ipse
663 632 805 702 tanquam
829 639 882 700 per
906 618 1004 681 solum

209 720 339 805 planum
352 721 441 783 remis
466 742 528 784 non
549 716 729 806 adjuvetur:
755 724 835 785 idem
849 724 1004 805 aegerrime

209 827 299 888 remis
324 825 474 910 contisque
487 825 638 910 superetur
650 826 800 892 adversus.
825 828 1002 910 Jueundum

211 944 369 1016 utrumque
383 953 435 1014 per
444 932 550 1015 jocum
565 934 730 1015 ludumque
745 932 943 1008 fluitantibus,
968 944 1003 995 ut
1048 922 1052 925 ⁸

209 1037 345 1101 flexerint
370 1037 500 1114 cursum,
526 1039 660 1101 laborem
685 1040 759 1114 otio,
780 1038 876 1100 otium
901 1039 1003 1100 labore

210 1144 334 1207 variare.
389 1143 478 1229 Ripae
502 1140 621 1205 fraxino
642 1145 749 1219 multa,
777 1144 871 1205 multa
893 1145 1004 1226 populo

210 1247 389 1312 vestiuntur:
418 1270 492 1333 quas
511 1247 678 1332 perspicuus
699 1249 808 1324 amnis,
825 1249 907 1310 velut
923 1270 1003 1312 mer-

209 1353 254 1417 sas
265 1356 353 1418 viridi
365 1355 494 1438 imagine
503 1366 690 1416 annumerat.
724 1352 830 1436 »Rigor
843 1375 928 1436 aquae
939 1375 1004 1416 cer·

210 1460 318 1523 laverit
335 1461 466 1536 nivibus,
485 1479 540 1521 nec
561 1460 644 1521 color
657 1459 745 1520 cedit.
788 1457 1005 1543 Adjaeettem·

210 1566 294 1648 plum
314 1565 440 1650 priscum
466 1566 495 1628 ἃ
516 1563 695 1650 religiosum.
740 1562 804 1626 Stat
826 1562 1003 1627 Clitumnus

211 1658 270 1754 ipse
299 1671 426 1735 amilius
456 1668 634 1753 ornatusque
662 1681 814 1753 praetexta.
870 1668 1002 1733 Praesens

212 1797 336 1852 numen,
353 1787 440 1860 atque
454 1775 545 1837 etiam
559 1767 727 1850 fatidicum,
755 1775 887 1837 indicant
900 1773 999 1836 sortes.

212 1878 314 1963 Sparsa
338 1879 405 1943 sunt
418 1882 508 1943 circa:
519 1880 624 1942 sacella
638 1881 804 1963 complura,
818 1880 1002 1964 totidemque

213 1984 275 2049 Dei
303 1985 473 2049 fimulacra:
487 1982 552 2048 ‘sua
580 1982 687 2069 cuique
713 1985 875 2060 veneratio,
916 1983 1003 2049 suum

208 2112 346 2154 nomen:
368 2088 543 2175 quibusdam
560 2112 632 2153 vero
654 2091 744 2155 etiam
762 2087 870 2153 fontes.
915 2086 1002 2154 Nam

195 2183 317 2281 'praeter
330 2198 430 2273 illum,
453 2194 534 2281 quast
551 2209 703 2279 parentem
726 2208 912 2272 caeterorum,
936 2195 1003 2258 sunt

212 2303 342 2367 minores
356 2303 451 2386 capite
466 2301 601 2377 discreti;
624 2300 672 2363 sed
692 2301 810 2364 flumini
830 2300 1000 2377 miscentur,

210 2409 292 2493 quod
319 2420 407 2491 ponte
434 2406 652 2471 transmittitur.
698 2406 731 2470 Is
760 2408 906 2469 terminus
930 2406 1002 2468 sacri

212 2504 401 2598 profanique.
444 2513 483 2577 ln
502 2513 648 2597 superiore
673 2526 755 2596 parte
782 2514 921 2595 navigare
935 2526 1003 2576 tan·

203 2634 290 2697 tum,
314 2618 392 2683 infra
403 2620 493 2683 etiam
508 2632 609 2682 natare
622 2618 801 2682 concessum.
845 2618 1004 2682 Balineum

176 2746 181 2755 ·
214 2724 404 2811 Hispellates,
424 2725 533 2808 quibus
555 2725 643 2788 illum
663 2722 769 2787 ¹locum
797 2724 899 2789 Divus
917 2722 1001 2808 Aug.

213 2837 293 2897 dono
320 2832 414 2907 dedit,
443 2830 561 2912 publice
589 2831 733 2912 praebent,
759 2831 801 2893 'dc
829 2829 1003 2913 hospitium.

213 2938 283 3004 Nee
296 2934 401 3000 desunt
414 2936 506 3013 villae,
523 2930 591 3018 quae
604 2933 711 2997 secutae
725 2935 859 2998 fluminis
869 2937 1003 2999 amoeni·
