2317 3767
327 302 328 305 ,
402 271 457 319 ιι
484 270 593 317 ore-u
640 269 698 316 vr.
890 264 949 335 255

153 376 327 499 municeps,
345 413 399 478 nifi
413 413 560 498 proxime,
576 410 713 475 auditum
724 407 783 473 este
806 429 868 473 non
882 409 952 493 quie

162 521 262 583 minus
287 518 340 582 illo
365 520 522 583 clariffimo
552 517 650 582 Arriae
674 513 766 592 fauo,
804 514 853 578 sod
882 516 953 600 quia

162 625 261 689 minor
275 625 315 688 est
329 624 376 707 ips
392 670 400 686 .
448 623 535 687 Vale.

226 871 316 921 XXV·
349 872 383 919 C.
407 874 554 921 PLINIUS
581 873 742 947 rttsrnuo
767 875 834 921 SUO
859 875 888 919 S.

161 1015 328 1121 Senos,
373 1045 552 1120 Robustum,
591 1043 777 1126 splendidum
821 1043 951 1127 equitem

163 1151 257 1215 Rom.
279 1172 348 1213 cum
372 1150 478 1213 Attilio
500 1150 609 1213 Scauro
625 1152 723 1213 amico
741 1169 811 1211 meo
824 1146 953 1213 Ocricu-

163 1257 230 1319 lum
245 1254 334 1343 usque
345 1276 505 1318 commune
521 1256 576 1318 iter
590 1254 745 1339 peregiffer
765 1253 870 1316 deinde
884 1250 954 1315 nus·

164 1381 256 1444 quam
281 1356 496 1442 comparuisse:
527 1361 602 1443 petis
631 1371 664 1422 ut
691 1358 817 1440 Scaurus
841 1357 952 1433 veniat,

163 1464 284 1549 nosque,
308 1465 330 1526 sr
354 1465 456 1548 potest,
482 1466 514 1529 in
538 1465 639 1549 aliqua
658 1461 853 1547 inquisitionis
867 1462 953 1525 vesti-

163 1570 212 1652 gia
226 1571 358 1634 inducat.
405 1570 525 1645 Veniet,
548 1591 652 1633 vereor
666 1589 703 1631 ne
723 1566 839 1630 frustra.
885 1565 953 1629 Sus·

164 1661 247 1757 picor
268 1676 349 1737 enim
363 1677 421 1738 tale
444 1674 540 1738 nescio
560 1676 632 1760 quid
654 1672 788 1738 Robusto
807 1671 952 1749 aocidiffe,

165 1779 254 1861 quale
267 1779 425 1863 aliquando
435 1780 558 1843 Metilio
573 1778 691 1863 Crispo,
712 1778 855 1862 municipi
870 1799 954 1841 meo.-

165 1882 249 1947 Huic
271 1906 325 1968 ego
349 1886 465 1949 ordines
486 1886 726 1969 impetraveram,
752 1895 840 1966 atque
861 1884 952 1947 etiam

164 1990 355 2073 proficiscenti
384 1989 577 2074 quadraginta
602 1989 696 2052 millia
723 1987 886 2053 nummrim
914 1992 953 2053 ad

166 2093 368 2159 instruendum
391 2094 420 2157 se
438 2097 663 2179 ornandumque
677 2098 876 2158 donaveram:
897 2116 952 2160 nec

166 2200 263 2282 postea
285 2213 336 2262 aut
350 2201 484 2285 epistolas
498 2201 574 2285 ejus,
597 2200 794 2284 autaliquem
815 2202 852 2264 de
870 2202 952 2265 exitu

166 2305 310 2367 nuncium
333 2307 442 2390 accepi.
489 2305 708 2389 Interceptusne
723 2305 757 2369 fit
778 2306 797 2370 ri
821 2305 892 2385 suis,
914 2328 952 2372 an

166 2409 325 2486 cuminis,
349 2412 493 2474 dubium:
517 2424 596 2473 certe
620 2432 681 2475 non
704 2410 774 2495 ipse,
797 2431 859 2475 non
872 2411 952 2497 quis-

165 2534 257 2598 quam
272 2536 309 2577 ex
332 2515 420 2578 servis
441 2517 505 2601 ejus
519 2506 664 2600 apperuit.
709 2516 837 2580 Utinam
858 2538 897 2580 ne
918 2519 951 2581 in

167 2618 300 2683 Robusto
321 2621 401 2683 idem
426 2620 631 2705 experiamur!
654 2634 756 2685 tamen
770 2620 952 2686 accersamus

166 2723 321 2788 Scaurum.
375 2726 494 2790 Demus
522 2727 579 2790 hoc
614 2728 685 2803 tuis,
700 2733 702 2739 '
719 2729 825 2790 demus
845 2726 952 2809 optimi

166 2828 356 2893 adolescentis
377 2829 581 2894 honestiffrmis
603 2833 748 2915 precibus,
772 2830 823 2915 qui
845 2832 952 2914 pietate

164 2931 293 3010 summa,
317 2936 392 2998 mira
406 2937 497 2998 etiam
518 2935 673 3020 sagacitate
687 2950 800 3021 patrem
825 2935 950 3022 quaeritr
