2317 3767
229 287 249 335 2
391 286 852 332 c.PL1u.EPrsr0LAR.

229 430 368 525 exhibeo.
394 428 488 492 Hunc
498 447 616 512 rogoex
624 427 836 491 consuetudine
844 429 1020 511 tua&leg'as

228 536 259 599 ἃ
268 534 416 618 relegas&
427 535 586 598 emendes:
609 557 645 599 eo
657 536 763 618 magis,
774 538 853 618 quod
865 535 941 597 nihil
952 537 1024 596 ante

206 656 208 662 ‘
228 661 365 724 peraeque
379 643 544 724 eodemque
558 640 624 703 stilo
634 638 769 723 scripsrlic
784 641 897 702 videor.
928 638 1019 702 Ten·
1106 652 1115 666 ⁸

229 747 291 808 tavi
306 746 387 809 enim
402 746 513 808 imitari
533 745 771 811 Demosthenem
791 743 905 828 semper
919 758 1018 819 tuum,

230 849 365 915 Calvum
376 873 471 935 nuper
484 873 588 914 meum
599 853 744 913 duntaxat
752 851 854 934 liguris
864 850 1018 913 orationis.

229 956 316 1022 Nam
323 959 386 1020 vim
398 969 549 1021 tantorum
557 959 719 1020 verborum
727 957 825 1039 pauci,
833 977 908 1039 quos
917 976 1020 1038 aequus

229 1063 354 1143 amavit,
365 1062 475 1147 allequi
486 1062 615 1147 poliunt.
652 1062 721 1126 Nec
733 1062 857 1123 materia
875 1061 935 1144 ipsa
949 1062 1020 1123 huic

228 1169 345 1253 (vereor
359 1188 397 1230 ne
418 1169 554 1251 improbe
572 1164 684 1246 dicam)
705 1166 891 1229 aemulationi
912 1186 1018 1249 repug-

227 1274 321 1336 navit.
367 1272 441 1336 Erat
462 1274 544 1337 enim
572 1295 663 1357 prope
685 1286 748 1336 tota
773 1274 805 1334 in
830 1272 1019 1334 contentione

227 1377 355 1455 dicendi,
379 1382 459 1462 quod
474 1400 523 1441 me
537 1380 636 1460 longae
652 1375 768 1439 desidiae
787 1377 1019 1440 indormientem

228 1481 381 1561 excitavit,
396 1485 417 1546 fi
432 1487 523 1547 modo
541 1485 567 1546 is
582 1483 647 1545 sum
661 1503 728 1566 ego,
745 1482 797 1564 qui
811 1483 933 1545 excitari
952 1482 1017 1567 pos·

227 1585 293 1651 fim.
317 1588 393 1652 Non
403 1601 504 1650 tamen
515 1586 845 1651 omninoMareinostri
855 1590 914 1663 eric
924 1589 1018 1669 ληκύ-

227 1695 294 1767 ieuc
302 1689 448 1775 rugimus,
462 1692 580 1776 quoties
590 1693 747 1775 paululum
760 1694 865 1757 itinere
879 1697 1019 1759 decedere

225 1814 288 1861 non
303 1797 514 1882 intempestivis
524 1800 753 1861 amoenitatibus
767 1801 1015 1876 admonebamur,

225 1916 308 1967 acres
327 1904 409 1967 enim
428 1903 496 1981 elle,
520 1921 583 1967 non
605 1904 698 1967 tristes
715 1906 901 1968 volebamus.
947 1905 1017 1969 Neo

225 2008 278 2084 eli,
303 2011 385 2092 quod
398 2022 485 2094 putes
497 2027 550 2072 me
563 2008 617 2073 lub
639 2011 696 2072 irae
712 2012 885 2093 exceptione
895 2012 1016 2073 veniam

222 2113 381 2201 postulate.
415 2114 522 2178 Immo
535 2135 597 2199 quo
614 2115 712 2199 mmis
730 2115 884 2177 intendam
910 2117 1016 2181 limam

224 2231 323 2297 tuam,
347 2220 510 2284 confitebor
522 2222 554 2284 ἃ
568 2220 664 2304 ipsum
679 2242 729 2284 me
747 2222 1016 2285 &contubernales

224 2327 265 2388 ab
276 2326 407 2388 editione
427 2343 490 2388 non
504 2326 675 2403 abhorrere,
701 2327 832 2392 simodo
850 2340 884 2390 tu
898 2325 1016 2391 fortasse

225 2431 316 2494 errori
338 2431 436 2494 nostro
457 2432 561 2495 album
590 2432 739 2495 calculum
768 2433 919 2517 adjeceris.
964 2433 1016 2497 Est

225 2534 306 2598 enim
321 2537 409 2618 plane
423 2537 536 2620 aliquid
550 2537 712 2614 edendum,
728 2551 817 2622 atque
831 2537 946 2600 utinam
957 2539 1015 2603 hoc

224 2642 419 2728 potillimum,
446 2646 526 2727 quod
546 2656 683 2727 paratum
706 2645 758 2721 eil,
780 2645 878 2729 (audis
899 2645 1015 2709 defidiae

225 2743 344 2826 votum)
374 2750 524 2811 edendum
549 2763 651 2812 autem
677 2751 870 2834 expluribus
899 2751 1010 2815 causis:
1092 2767 1094 2772 ⁴

224 2854 357 2916 maxime
373 2855 453 2937 quod
467 2854 573 2930 libelli,
595 2876 671 2939 quos
684 2854 848 2932 emisimus,
875 2857 1014 2919 dicuntur

219 2958 255 3021 in
279 2958 419 3022 manibus
437 2953 506 3037 elle,
532 2960 758 3047 quamvisjam
780 2962 907 3044 gratiam
926 2961 1012 3024 novi-
