2317 3767
394 272 694 321 ersenrv.
888 272 948 346 175

149 410 304 499 caprelis!
332 412 386 480 Ad
398 416 479 478 hunc
487 414 605 499 gustum
616 425 714 478 totum
724 413 836 478 librum
848 436 950 501 repro·

152 521 253 598 mitto,
277 541 369 605 quem
384 521 451 597 tibi,
468 534 502 585 ut
515 521 648 603 primum
662 520 868 604 publicaverit,
896 543 950 586 ex·

152 626 274 690 hibebo.
322 624 450 690 Interim
466 648 536 689 ama
546 626 705 711 juvenem,
720 628 751 691 ἃ
765 627 949 711 temporibus

152 732 258 797 nostris
271 733 419 817 gratulare
434 755 488 818 pro
501 731 622 817 ingenio
637 734 701 811 tali,
724 735 805 818 quod
819 734 869 797 ille
880 756 948 798 mo·

152 839 235 903 ribus
246 842 383 903 adornat.
429 837 515 901 Vivit
528 859 600 901 cum
616 839 776 923 Spurinna,
788 840 865 904 vivit
876 860 948 904 cum

153 943 333 1009 Antonino:
358 964 488 1028 quorum
510 944 595 1007 alteri
610 943 720 1021 affinis,
741 946 860 1029 utrique
873 966 947 1009 con-

152 1052 316 1114 tubernalis
330 1049 381 1112 est.
427 1049 519 1114 Poffis
545 1072 583 1114 ex
605 1052 663 1115 hoc
684 1048 780 1115 facere
793 1052 947 1138 conjediu-

154 1176 232 1231 ram,
263 1176 354 1238 quam
383 1154 417 1217 fit
437 1158 613 1219 emendatus
639 1154 816 1233 adolescens,
847 1157 899 1241 qui
927 1157 948 1221 ai

150 1259 326 1346 gravissimis
349 1260 466 1323 senibus
481 1260 519 1323 fic
533 1275 660 1324 amatur.
705 1258 757 1324 Est
771 1262 853 1324 enim
872 1262 946 1325 illud

152 1349 360 1431 veriffimumr

298 1511 370 1523 ·--··
385 1469 560 1554 Γιγνῶσκων
575 1468 625 1540 ὅτι

33 1577 41 1588 '
151 1577 286 1652 Τοιέτός
313 1575 375 1657 ictu
405 1576 542 1658 lunelli»,
568 1573 673 1666 ὥσπερ
700 1574 805 1660 ἥδεται
834 1575 932 1660 ierot-

158 1683 248 1748 Vale.

195 1915 347 1962 xxv111.
385 1918 418 1962 C·
444 1917 593 1963 PLINIUS
618 1911 761 1962 SEVERO
787 1916 855 1963 SUO
882 1918 910 1961 S.

155 2063 401 2174 Hnnnuurus
429 2111 566 2187 Severus,
591 2109 639 2173 vir
652 2106 847 2185 doctissimus,
863 2130 947 2194 mag-

153 2214 185 2276 ni
213 2215 339 2278 aestimat
359 2217 390 2278 in
404 2217 585 2280 bibliotheca
600 2215 650 2279 sua
672 2235 781 2299 ponere
804 2215 949 2299 imagines

152 2320 340 2403 municipum
354 2335 488 2397 tuorum,
516 2320 653 2387 Cornelii
667 2320 810 2405 Nepotis,
825 2321 857 2384 &
878 2319 948 2386 Titi

154 2421 266 2487 cam:
297 2407 427 2510 petitque
451 2426 473 2490 fi
501 2426 568 2489 sunt
581 2426 655 2504 mc,
681 2439 716 2490 ut
729 2425 787 2490 effe
807 2426 948 2490 creatore

153 2528 206 2605 eli,
220 2529 434 2610 exscribendas,
443 2532 661 2617 pingendasque
671 2532 817 2615 delegem.
842 2530 948 2616 Quam

31 2649 35 2656 ’
152 2657 256 2699 curam
271 2638 325 2700 tibi
345 2637 528 2721 potiffrmum
547 2637 688 2722 injungo:
711 2638 856 2722 primum,
878 2637 948 2719 quia

150 2740 299 2804 desideriis
322 2742 398 2806 meis
422 2742 596 2810 amicissime
617 2742 806 2828 obsequeris:
826 2741 947 2818 deinde,

150 2848 222 2931 quia
236 2847 291 2910 tibi
306 2848 469 2912 studiorum
484 2847 600 2912 summa
615 2847 791 2923 reverentia,
813 2840 949 2910 summus

8 2901 11 2915 ι
36 2940 38 2947 ’
152 2974 238 3016 arnor
266 2951 482 3017 studiosorum:
516 2953 675 3037 postrem0,
711 2954 793 3037 quod
822 2950 954 3038 patriam
