2317 3767
376 289 396 335 ι
421 290 432 336 1
459 290 478 335 u
502 289 521 334 r
546 288 567 334 ι
613 287 701 335 vm.
874 288 938 357 3¹9

143 452 236 519 quarn
258 432 394 497 altiflime
408 430 556 517 adsurgat,
576 432 609 496 δι
627 427 813 516 ampliffimis
839 431 937 515 operi·

144 538 202 602 bus
221 538 372 603 increscat.
416 524 596 605 Nonnullae
617 537 648 601 ἃ
671 538 704 599 in
718 536 773 599 illo
787 536 883 613 labor,
903 548 939 601 ut

143 646 270 708 barbara
290 646 322 709 δι
346 642 410 708 fera
431 644 566 720 nomina,
595 643 732 729 inprimis
745 641 823 726 regis
836 640 937 726 ipfius,

145 747 264 814 Graeeis
289 750 419 814 verfibus
433 771 494 813 nun
508 748 659 813 resultent.
703 746 762 810 Sed
782 746 861 809 nihii
882 746 935 824 est,

144 857 225 938 quod
239 877 300 920 non
314 871 376 920 arte
390 874 530 939 curaque,
542 854 564 917 fi
583 875 645 917 non
658 852 751 938 potest
761 852 853 929 vinei,
875 853 936 917 mi·

144 961 262 1044 tigetur.
307 960 466 1037 Praeterea,
486 959 507 1021 fi
527 961 616 1022 datur
629 958 768 1023 Homero
783 959 814 1022 δι
832 959 936 1022 mollia

144 1068 290 1130 vocabula
313 1069 343 1131 δι
357 1066 468 1132 Graeea
482 1066 519 1128 ad
533 1064 689 1127 lenitatem
702 1062 803 1126 versus
817 1077 935 1127 eontra·

145 1171 229 1246 here,
245 1174 414 1247 extendere,
430 1170 596 1234 infleeiere:
617 1189 671 1232 cur
682 1168 738 1230 tibi
756 1168 859 1232 similis
880 1190 935 1233 au·

95 1297 98 1301 ·
145 1276 257 1351 dentia,
272 1276 432 1359 praesertim
454 1296 516 1339 non
534 1275 681 1358 delegata,
701 1273 750 1336 sed
764 1272 934 1351 necessaria,

145 1384 286 1466 negetur?
312 1381 441 1445 Proinde
458 1381 527 1465 jure
551 1391 657 1443 vatum
682 1379 826 1442 invocatis
852 1377 934 1456 Diis,

58 1498 61 1503 ⁴
145 1489 176 1551 δι
201 1490 278 1551 inter
299 1487 396 1563 Deos,
420 1485 493 1571 ipso,
518 1486 604 1570 cujus
617 1507 675 1563 res,
702 1505 803 1569 opera,
818 1483 938 1547 consilia

145 1592 310 1654 didiaturus
334 1614 378 1669 es,
405 1594 533 1655 immitte
547 1594 700 1668 rudentes,
730 1592 827 1676 pande
854 1590 934 1665 vela,

146 1716 181 1759 ac
195 1696 216 1759 fi
230 1696 458 1780 quandoalias,
482 1709 546 1761 toto
567 1697 689 1780 ingenio
705 1697 824 1760 vehere.
869 1692 938 1760 Cur

147 1802 229 1864 enim
252 1822 314 1865 non
336 1823 391 1885 ego
412 1823 530 1886 quoque
544 1802 660 1886 poetice
674 1821 744 1865 cum
758 1802 867 1886 poeta?
890 1801 936 1866 11·

145 1909 198 1971 lud
207 1907 274 1992 jam
289 1927 368 1970 nunc
382 1905 521 1991 paciscor,
536 1909 633 1991 prima
646 1928 772 1992 quaeque
791 1919 825 1970 ut
839 1905 936 1971 absol·

146 2014 236 2091 veris,
262 2013 358 2090 mitte,
382 2014 478 2077 immo
499 2014 590 2077 etiam
613 2026 775 2098 antequam
789 2012 936 2092 absolvas,

144 2117 182 2181 iic
204 2132 237 2183 ut
251 2132 339 2182 erunt
352 2119 481 2183 recentia
498 2121 530 2184 dt
547 2120 644 2197 rudia,
665 2121 696 2184 ἃ
716 2119 815 2183 adhuc
830 2117 937 2181 fimilia
964 2166 969 2172 .

145 2224 341 2290 nascentibus.
397 2223 601 2310 Respondebis
621 2244 684 2289 non
711 2224 791 2310 poiie
813 2224 936 2310 perinde

145 2332 283 2414 carpturi,
296 2347 330 2395 ut
342 2344 492 2407 contexta,
512 2332 635 2415 perinde
655 2331 795 2395 inchoata
807 2331 935 2415 placere,

148 2446 183 2496 ut
192 2434 307 2500 effeda.
353 2438 430 2502 Scio.
477 2437 585 2522 Itaque
597 2439 628 2502 ἃ
647 2435 666 2500 zi
680 2457 730 2502 me
743 2435 936 2499 aeffimabuna

146 2550 195 2604 tur
208 2553 242 2603 ut
255 2555 371 2625 eoepta:
389 2542 600 2626 speoiabuntur
617 2555 652 2606 ut
664 2544 812 2619 membra,
837 2553 935 2605 extre·

146 2664 286 2730 mamque
305 2647 412 2709 limam
426 2660 510 2711 tuam
520 2649 690 2733 operientur
701 2648 734 2711 in
747 2646 854 2710 scrinio
866 2642 935 2709 nos*

144 2761 203 2814 tro.
248 2749 352 2814 Patere
365 2752 422 2814 hoc
436 2767 486 2814 me
500 2751 586 2838 super
597 2766 704 2817 caetera
722 2751 832 2815 habere
848 2770 935 2813 amo·

144 2855 187 2918 ris
199 2856 244 2918 tui
258 2857 375 2941 pignus,
391 2869 424 2920 ut
439 2878 475 2920 ea
496 2879 614 2944 quoque
635 2859 747 2934 norim,
771 2879 840 2941 quae
853 2855 935 2919 noffe

145 2962 298 3027 neminem
321 2963 424 3025 velles.
481 2962 520 3027 Iu
538 2960 668 3041 summa,
692 2975 796 3048 potero
815 2959 934 3026 fortaffe
