<?xml version="1.0" encoding="UTF-8"?>
<!DOCTYPE html PUBLIC "-//W3C//DTD XHTML 1.0 Transitional//EN"
    "http://www.w3.org/TR/xhtml1/DTD/xhtml1-transitional.dtd">
<html xmlns="http://www.w3.org/1999/xhtml" xml:lang="en" lang="en">
 <head>
  <title>
</title>
<meta http-equiv="Content-Type" content="text/html;charset=utf-8" />
  <meta name='ocr-system' content='tesseract 3.04.00' />
  <meta name='ocr-capabilities' content='ocr_page ocr_carea ocr_par ocr_line ocrx_word'/>
</head>
<body>
  <div class='ocr_page' id='page_1' title='image "./cpliniicciliise01plingoog_0412.png"; bbox 0 0 2317 3767; ppageno 0'>
   <div class='ocr_carea' id='block_1_1' title="bbox 190 238 829 311">
    <p class='ocr_par' dir='ltr' id='par_1_1' title="bbox 190 238 829 311">
     <span class='ocr_line' id='line_1_1' title="bbox 190 238 829 311; baseline 0.005 -20"><span class='ocrx_word' id='word_1_1' title='bbox 190 238 251 311; x_wconf 85' lang='lat'>392</span> <span class='ocrx_word' id='word_1_2' title='bbox 360 243 394 291; x_wconf 89' lang='lat' dir='ltr'>c.</span> <span class='ocrx_word' id='word_1_3' title='bbox 418 244 533 290; x_wconf 74' lang='lat' dir='ltr'>ertu.</span> <span class='ocrx_word' id='word_1_4' title='bbox 559 246 829 294; x_wconf 75' lang='lat' dir='ltr'>urtsrocnn.</span> 
     </span>
    </p>
   </div>
   <div class='ocr_carea' id='block_1_2' title="bbox 126 385 985 1422">
    <p class='ocr_par' dir='ltr' id='par_1_2' title="bbox 126 385 985 1422">
     <span class='ocr_line' id='line_1_2' title="bbox 189 385 985 473; baseline 0.008 -27"><span class='ocrx_word' id='word_1_5' title='bbox 189 385 283 447; x_wconf 86' lang='lat' dir='ltr'>alium</span> <span class='ocrx_word' id='word_1_6' title='bbox 306 407 398 471; x_wconf 89' lang='lat' dir='ltr'>quam</span> <span class='ocrx_word' id='word_1_7' title='bbox 417 390 526 452; x_wconf 88' lang='lat' dir='ltr'>adme</span> <span class='ocrx_word' id='word_1_8' title='bbox 539 390 730 473; x_wconf 77' lang='lat' dir='ltr'>pertinerent,</span> <span class='ocrx_word' id='word_1_9' title='bbox 775 389 929 454; x_wconf 87' lang='lat' dir='ltr'>Polliceris</span> <span class='ocrx_word' id='word_1_10' title='bbox 947 390 985 452; x_wconf 89' lang='lat' dir='ltr'>in</span> 
     </span>
     <span class='ocr_line' id='line_1_3' title="bbox 188 489 984 559; baseline 0.009 -7"><span class='ocrx_word' id='word_1_11' title='bbox 188 489 248 552; x_wconf 90' lang='lat' dir='ltr'>fine</span> <span class='ocrx_word' id='word_1_12' title='bbox 277 512 347 555; x_wconf 92' lang='lat' dir='ltr'>cum</span> <span class='ocrx_word' id='word_1_13' title='bbox 372 495 480 557; x_wconf 89' lang='lat' dir='ltr'>certius</span> <span class='ocrx_word' id='word_1_14' title='bbox 506 497 543 557; x_wconf 90' lang='lat' dir='ltr'>de</span> <span class='ocrx_word' id='word_1_15' title='bbox 568 496 640 558; x_wconf 88' lang='lat' dir='ltr'>vitae</span> <span class='ocrx_word' id='word_1_16' title='bbox 662 494 769 558; x_wconf 86' lang='lat' dir='ltr'>nostrae</span> <span class='ocrx_word' id='word_1_17' title='bbox 793 495 984 559; x_wconf 85' lang='lat' dir='ltr'>ordinatione</span> 
     </span>
     <span class='ocr_line' id='line_1_4' title="bbox 188 596 983 684; baseline 0.006 -25"><span class='ocrx_word' id='word_1_18' title='bbox 188 598 301 681; x_wconf 82' lang='lat' dir='ltr'>aliquid</span> <span class='ocrx_word' id='word_1_19' title='bbox 322 601 462 676; x_wconf 81' lang='lat' dir='ltr'>audieris,</span> <span class='ocrx_word' id='word_1_20' title='bbox 485 596 622 664; x_wconf 87' lang='lat' dir='ltr'>futurum</span> <span class='ocrx_word' id='word_1_21' title='bbox 642 615 671 663; x_wconf 93' lang='lat' dir='ltr'>te</span> <span class='ocrx_word' id='word_1_22' title='bbox 690 598 854 684; x_wconf 88' lang='lat' dir='ltr'>fugitivum</span> <span class='ocrx_word' id='word_1_23' title='bbox 867 602 910 663; x_wconf 87' lang='lat' dir='ltr'>rei</span> <span class='ocrx_word' id='word_1_24' title='bbox 931 599 983 664; x_wconf 86' lang='lat' dir='ltr'>fa-</span> 
     </span>
     <span class='ocr_line' id='line_1_5' title="bbox 190 704 981 791; baseline 0.005 -27"><span class='ocrx_word' id='word_1_25' title='bbox 190 704 326 781; x_wconf 85' lang='lat' dir='ltr'>miliaris,</span> <span class='ocrx_word' id='word_1_26' title='bbox 347 704 503 790; x_wconf 85' lang='lat' dir='ltr'>statimque</span> <span class='ocrx_word' id='word_1_27' title='bbox 514 707 552 768; x_wconf 86' lang='lat' dir='ltr'>ad</span> <span class='ocrx_word' id='word_1_28' title='bbox 562 726 617 768; x_wconf 88' lang='lat' dir='ltr'>nos</span> <span class='ocrx_word' id='word_1_29' title='bbox 630 708 829 783; x_wconf 83' lang='lat' dir='ltr'>evolaturum,</span> <span class='ocrx_word' id='word_1_30' title='bbox 850 709 902 791; x_wconf 90' lang='lat' dir='ltr'>qui</span> <span class='ocrx_word' id='word_1_31' title='bbox 911 707 981 791; x_wconf 86' lang='lat' dir='ltr'>jam</span> 
     </span>
     <span class='ocr_line' id='line_1_6' title="bbox 189 809 982 895; baseline 0.005 -25"><span class='ocrx_word' id='word_1_32' title='bbox 189 809 244 871; x_wconf 91' lang='lat' dir='ltr'>tibi</span> <span class='ocrx_word' id='word_1_33' title='bbox 262 812 420 893; x_wconf 85' lang='lat' dir='ltr'>compedes</span> <span class='ocrx_word' id='word_1_34' title='bbox 432 811 591 887; x_wconf 72' lang='lat' dir='ltr'>nectimus,</span> <span class='ocrx_word' id='word_1_35' title='bbox 611 833 684 895; x_wconf 85' lang='lat' dir='ltr'>quas</span> <span class='ocrx_word' id='word_1_36' title='bbox 701 809 881 895; x_wconf 85' lang='lat' dir='ltr'>perfringere</span> <span class='ocrx_word' id='word_1_37' title='bbox 893 813 982 874; x_wconf 92' lang='lat' dir='ltr'>nullo</span> 
     </span>
     <span class='ocr_line' id='line_1_7' title="bbox 189 913 981 999; baseline 0.003 -23"><span class='ocrx_word' id='word_1_38' title='bbox 189 916 281 977; x_wconf 91' lang='lat' dir='ltr'>modo</span> <span class='ocrx_word' id='word_1_39' title='bbox 303 913 400 998; x_wconf 85' lang='lat' dir='ltr'>poffis.</span> <span class='ocrx_word' id='word_1_40' title='bbox 445 914 554 979; x_wconf 89' lang='lat' dir='ltr'>Tertia</span> <span class='ocrx_word' id='word_1_41' title='bbox 575 917 695 999; x_wconf 86' lang='lat' dir='ltr'>epistola</span> <span class='ocrx_word' id='word_1_42' title='bbox 717 918 899 993; x_wconf 84' lang='lat' dir='ltr'>continebat,</span> <span class='ocrx_word' id='word_1_43' title='bbox 922 915 981 978; x_wconf 82' lang='lat' dir='ltr'>effe</span> 
     </span>
     <span class='ocr_line' id='line_1_8' title="bbox 189 1021 981 1111; baseline 0.003 -30"><span class='ocrx_word' id='word_1_44' title='bbox 189 1021 245 1083; x_wconf 92' lang='lat' dir='ltr'>tibi</span> <span class='ocrx_word' id='word_1_45' title='bbox 267 1021 413 1083; x_wconf 86' lang='lat' dir='ltr'>redditam</span> <span class='ocrx_word' id='word_1_46' title='bbox 438 1023 605 1111; x_wconf 88' lang='lat' dir='ltr'>orationem</span> <span class='ocrx_word' id='word_1_47' title='bbox 630 1044 685 1106; x_wconf 90' lang='lat' dir='ltr'>pro</span> <span class='ocrx_word' id='word_1_48' title='bbox 711 1022 828 1098; x_wconf 87' lang='lat' dir='ltr'>Clario,</span> <span class='ocrx_word' id='word_1_49' title='bbox 854 1042 981 1105; x_wconf 82' lang='lat' dir='ltr'>eamque</span> 
     </span>
     <span class='ocr_line' id='line_1_9' title="bbox 189 1118 981 1210; baseline -0.003 -22"><span class='ocrx_word' id='word_1_50' title='bbox 189 1126 282 1190; x_wconf 85' lang='lat' dir='ltr'>visam</span> <span class='ocrx_word' id='word_1_51' title='bbox 297 1127 442 1189; x_wconf 91' lang='lat' dir='ltr'>veriorem</span> <span class='ocrx_word' id='word_1_52' title='bbox 457 1148 548 1210; x_wconf 87' lang='lat' dir='ltr'>quam</span> <span class='ocrx_word' id='word_1_53' title='bbox 569 1129 684 1190; x_wconf 86' lang='lat' dir='ltr'>dicente</span> <span class='ocrx_word' id='word_1_54' title='bbox 707 1149 768 1203; x_wconf 90' lang='lat' dir='ltr'>me,</span> <span class='ocrx_word' id='word_1_55' title='bbox 794 1118 981 1190; x_wconf 82' lang='lat' dir='ltr'>audientete</span> 
     </span>
     <span class='ocr_line' id='line_1_10' title="bbox 126 1230 979 1321; baseline -0.001 -26"><span class='ocrx_word' id='word_1_56' title='bbox 126 1314 131 1321; x_wconf 13' lang='grc' dir='ltr'>κ</span> <span class='ocrx_word' id='word_1_57' title='bbox 189 1230 289 1295; x_wconf 88' lang='lat' dir='ltr'>fuerit.</span> <span class='ocrx_word' id='word_1_58' title='bbox 335 1231 386 1295; x_wconf 84' lang='lat' dir='ltr'>Est</span> <span class='ocrx_word' id='word_1_59' title='bbox 400 1234 529 1295; x_wconf 88' lang='lat' dir='ltr'>uberio&#39;r.</span> <span class='ocrx_word' id='word_1_60' title='bbox 568 1233 672 1300; x_wconf 87' lang='lat' dir='ltr'>Multa</span> <span class='ocrx_word' id='word_1_61' title='bbox 691 1233 773 1298; x_wconf 89' lang='lat' dir='ltr'>enim</span> <span class='ocrx_word' id='word_1_62' title='bbox 791 1231 888 1316; x_wconf 85' lang='lat' dir='ltr'>postea</span> <span class='ocrx_word' id='word_1_63' title='bbox 903 1230 979 1294; x_wconf 86' lang='lat' dir='ltr'>inse-</span> 
     </span>
     <span class='ocr_line' id='line_1_11' title="bbox 189 1335 984 1422; baseline 0.004 -22"><span class='ocrx_word' id='word_1_64' title='bbox 189 1338 247 1401; x_wconf 87' lang='lat' dir='ltr'>rui.</span> <span class='ocrx_word' id='word_1_65' title='bbox 293 1336 422 1422; x_wconf 86' lang='lat' dir='ltr'>Adjicis,</span> <span class='ocrx_word' id='word_1_66' title='bbox 448 1339 520 1400; x_wconf 88' lang='lat' dir='ltr'>alias</span> <span class='ocrx_word' id='word_1_67' title='bbox 534 1351 563 1399; x_wconf 93' lang='lat' dir='ltr'>te</span> <span class='ocrx_word' id='word_1_68' title='bbox 586 1339 685 1400; x_wconf 87' lang='lat' dir='ltr'>literas</span> <span class='ocrx_word' id='word_1_69' title='bbox 699 1337 838 1400; x_wconf 76' lang='lat' dir='ltr'>curiosius</span> <span class='ocrx_word' id='word_1_70' title='bbox 861 1335 984 1421; x_wconf 85' lang='lat' dir='ltr'>scriptas</span> 
     </span>
    </p>
   </div>
   <div class='ocr_carea' id='block_1_3' title="bbox 191 1442 1020 1526">
    <p class='ocr_par' dir='ltr' id='par_1_3' title="bbox 191 1442 1020 1526">
     <span class='ocr_line' id='line_1_12' title="bbox 191 1442 1020 1526; baseline -0.002 -19"><span class='ocrx_word' id='word_1_71' title='bbox 191 1442 312 1507; x_wconf 71' lang='lat' dir='ltr'>mififfe&#39;t</span> <span class='ocrx_word' id='word_1_72' title='bbox 329 1465 367 1505; x_wconf 84' lang='lat' dir='ltr'>an</span> <span class='ocrx_word' id='word_1_73' title='bbox 379 1444 541 1525; x_wconf 86' lang='lat' dir='ltr'>acceperim</span> <span class='ocrx_word' id='word_1_74' title='bbox 550 1445 676 1525; x_wconf 75' lang='lat' dir='ltr'>quaerisz</span> <span class='ocrx_word' id='word_1_75' title='bbox 690 1463 751 1505; x_wconf 91' lang='lat' dir='ltr'>non</span> <span class='ocrx_word' id='word_1_76' title='bbox 761 1444 871 1526; x_wconf 87' lang='lat' dir='ltr'>accepi,</span> <span class='ocrx_word' id='word_1_77' title='bbox 886 1445 917 1507; x_wconf 75' lang='grc' dir='ltr'>δι</span> <span class='ocrx_word' id='word_1_78' title='bbox 929 1463 981 1504; x_wconf 87' lang='lat' dir='ltr'>ac·</span> <span class='ocrx_word' id='word_1_79' title='bbox 1017 1500 1020 1505; x_wconf 86' lang='lat'><em>.</em></span> 
     </span>
    </p>
   </div>
   <div class='ocr_carea' id='block_1_4' title="bbox 190 1547 983 1843">
    <p class='ocr_par' dir='ltr' id='par_1_4' title="bbox 190 1547 983 1843">
     <span class='ocr_line' id='line_1_13' title="bbox 192 1547 983 1633; baseline -0.003 -22"><span class='ocrx_word' id='word_1_80' title='bbox 192 1551 292 1633; x_wconf 89' lang='lat' dir='ltr'>cipere</span> <span class='ocrx_word' id='word_1_81' title='bbox 300 1549 400 1631; x_wconf 85' lang='lat' dir='ltr'>gestio.</span> <span class='ocrx_word' id='word_1_82' title='bbox 446 1547 576 1625; x_wconf 87' lang='lat' dir='ltr'>Proinde</span> <span class='ocrx_word' id='word_1_83' title='bbox 586 1550 684 1631; x_wconf 84' lang='lat' dir='ltr'>prima</span> <span class='ocrx_word' id='word_1_84' title='bbox 704 1570 822 1633; x_wconf 85' lang='lat' dir='ltr'>quaque</span> <span class='ocrx_word' id='word_1_85' title='bbox 833 1547 983 1615; x_wconf 83' lang='lat' dir='ltr'>occafione</span> 
     </span>
     <span class='ocr_line' id='line_1_14' title="bbox 191 1652 983 1737; baseline -0.001 -20"><span class='ocrx_word' id='word_1_86' title='bbox 191 1657 289 1731; x_wconf 87' lang='lat' dir='ltr'>mitte,</span> <span class='ocrx_word' id='word_1_87' title='bbox 315 1652 449 1737; x_wconf 79' lang='lat' dir='ltr'>apposrtis</span> <span class='ocrx_word' id='word_1_88' title='bbox 463 1653 586 1735; x_wconf 90' lang='lat' dir='ltr'>quidem</span> <span class='ocrx_word' id='word_1_89' title='bbox 600 1652 706 1730; x_wconf 84' lang='lat' dir='ltr'>usuris,</span> <span class='ocrx_word' id='word_1_90' title='bbox 728 1674 802 1736; x_wconf 87' lang='lat' dir='ltr'>quas</span> <span class='ocrx_word' id='word_1_91' title='bbox 816 1675 872 1737; x_wconf 84' lang='lat' dir='ltr'>ego</span> <span class='ocrx_word' id='word_1_92' title='bbox 892 1656 983 1735; x_wconf 89' lang='lat' dir='ltr'>(num</span> 
     </span>
     <span class='ocr_line' id='line_1_15' title="bbox 190 1754 981 1843; baseline 0.001 -20"><span class='ocrx_word' id='word_1_93' title='bbox 190 1760 305 1843; x_wconf 85' lang='lat' dir='ltr'>parcius</span> <span class='ocrx_word' id='word_1_94' title='bbox 319 1756 422 1842; x_wconf 81' lang='lat' dir='ltr'>poffim</span> <span class='ocrx_word' id='word_1_95' title='bbox 436 1754 460 1838; x_wconf 68' lang='lat' dir='ltr'>l)</span> <span class='ocrx_word' id='word_1_96' title='bbox 484 1758 654 1831; x_wconf 77' lang='lat' dir='ltr'>centesimas</span> <span class='ocrx_word' id='word_1_97' title='bbox 669 1763 859 1842; x_wconf 88' lang='lat' dir='ltr'>computabo.</span> <span class='ocrx_word' id='word_1_98' title='bbox 888 1759 981 1824; x_wconf 85' lang='lat' dir='ltr'>Vale.</span> 
     </span>
    </p>
   </div>
   <div class='ocr_carea' id='block_1_5' title="bbox 257 1990 914 2038">
    <p class='ocr_par' dir='ltr' id='par_1_5' title="bbox 257 1990 914 2038">
     <span class='ocr_line' id='line_1_16' title="bbox 257 1990 914 2038; baseline 0.003 -5"><span class='ocrx_word' id='word_1_99' title='bbox 257 1991 357 2035; x_wconf 83' lang='lat' dir='ltr'>xxlx.</span> <span class='ocrx_word' id='word_1_100' title='bbox 391 1991 424 2035; x_wconf 78' lang='lat' dir='ltr'>C·</span> <span class='ocrx_word' id='word_1_101' title='bbox 448 1991 594 2036; x_wconf 84' lang='lat' dir='ltr'>PLINIUS</span> <span class='ocrx_word' id='word_1_102' title='bbox 616 1990 774 2036; x_wconf 79' lang='lat' dir='ltr'>RUSTICO</span> <span class='ocrx_word' id='word_1_103' title='bbox 800 1991 914 2038; x_wconf 86' lang='lat' dir='ltr'><strong>SUOS.</strong></span> 
     </span>
    </p>
   </div>
   <div class='ocr_carea' id='block_1_6' title="bbox 182 2135 985 3006">
    <p class='ocr_par' dir='ltr' id='par_1_6' title="bbox 182 2135 985 3006">
     <span class='ocr_line' id='line_1_17' title="bbox 193 2135 982 2269; baseline -0.001 -22"><span class='ocrx_word' id='word_1_104' title='bbox 193 2135 273 2247; x_wconf 71' lang='lat' dir='ltr'>Ur</span> <span class='ocrx_word' id='word_1_105' title='bbox 295 2179 383 2244; x_wconf 84' lang='lat' dir='ltr'>satius</span> <span class='ocrx_word' id='word_1_106' title='bbox 398 2181 449 2257; x_wconf 81' lang='lat' dir='ltr'>est,</span> <span class='ocrx_word' id='word_1_107' title='bbox 471 2204 566 2246; x_wconf 91' lang='lat' dir='ltr'>unum</span> <span class='ocrx_word' id='word_1_108' title='bbox 581 2184 692 2266; x_wconf 83' lang='lat' dir='ltr'>aliquid</span> <span class='ocrx_word' id='word_1_109' title='bbox 707 2183 868 2267; x_wconf 84' lang='lat' dir='ltr'>infigniter‚</span> <span class='ocrx_word' id='word_1_110' title='bbox 888 2205 982 2269; x_wconf 88' lang='lat' dir='ltr'>quam</span> 
     </span>
     <span class='ocr_line' id='line_1_18' title="bbox 193 2285 982 2373; baseline 0.003 -22"><span class='ocrx_word' id='word_1_111' title='bbox 193 2285 288 2351; x_wconf 85' lang='lat' dir='ltr'>facere</span> <span class='ocrx_word' id='word_1_112' title='bbox 299 2288 428 2370; x_wconf 89' lang='lat' dir='ltr'>plurima</span> <span class='ocrx_word' id='word_1_113' title='bbox 444 2288 648 2351; x_wconf 88' lang='lat' dir='ltr'>mediocriter:</span> <span class='ocrx_word' id='word_1_114' title='bbox 669 2291 710 2353; x_wconf 89' lang='lat' dir='ltr'>ita</span> <span class='ocrx_word' id='word_1_115' title='bbox 723 2291 852 2373; x_wconf 87' lang='lat' dir='ltr'>plurima</span> <span class='ocrx_word' id='word_1_116' title='bbox 866 2292 982 2355; x_wconf 90' lang='lat' dir='ltr'>medio-</span> 
     </span>
     <span class='ocr_line' id='line_1_19' title="bbox 192 2393 980 2479; baseline 0.001 -23"><span class='ocrx_word' id='word_1_117' title='bbox 192 2396 290 2471; x_wconf 88' lang='lat' dir='ltr'>criter,</span> <span class='ocrx_word' id='word_1_118' title='bbox 321 2393 343 2456; x_wconf 88' lang='lat' dir='ltr'>fi</span> <span class='ocrx_word' id='word_1_119' title='bbox 371 2415 432 2456; x_wconf 92' lang='lat' dir='ltr'>non</span> <span class='ocrx_word' id='word_1_120' title='bbox 457 2393 543 2478; x_wconf 86' lang='lat' dir='ltr'>poffis</span> <span class='ocrx_word' id='word_1_121' title='bbox 566 2415 662 2457; x_wconf 91' lang='lat' dir='ltr'>unum</span> <span class='ocrx_word' id='word_1_122' title='bbox 683 2396 797 2478; x_wconf 81' lang='lat' dir='ltr'>aliquid</span> <span class='ocrx_word' id='word_1_123' title='bbox 820 2396 980 2479; x_wconf 84' lang='lat' dir='ltr'>infigniter.</span> 
     </span>
     <span class='ocr_line' id='line_1_20' title="bbox 194 2499 983 2587; baseline 0 -24"><span class='ocrx_word' id='word_1_124' title='bbox 194 2501 288 2587; x_wconf 82' lang='lat' dir='ltr'>Qrod</span> <span class='ocrx_word' id='word_1_125' title='bbox 310 2501 428 2563; x_wconf 90' lang='lat' dir='ltr'>intuens</span> <span class='ocrx_word' id='word_1_126' title='bbox 443 2520 509 2582; x_wconf 86' lang='lat' dir='ltr'>ego,</span> <span class='ocrx_word' id='word_1_127' title='bbox 534 2500 622 2562; x_wconf 88' lang='lat' dir='ltr'>variis</span> <span class='ocrx_word' id='word_1_128' title='bbox 637 2520 686 2562; x_wconf 90' lang='lat' dir='ltr'>me</span> <span class='ocrx_word' id='word_1_129' title='bbox 708 2499 871 2564; x_wconf 86' lang='lat' dir='ltr'>studiorum</span> <span class='ocrx_word' id='word_1_130' title='bbox 893 2522 983 2583; x_wconf 88' lang='lat' dir='ltr'>gene-</span> 
     </span>
     <span class='ocr_line' id='line_1_21' title="bbox 182 2602 985 2688; baseline 0.002 -21"><span class='ocrx_word' id='word_1_131' title='bbox 182 2606 288 2682; x_wconf 72' lang='lat' dir='ltr'>ribus,</span> <span class='ocrx_word' id='word_1_132' title='bbox 315 2607 393 2677; x_wconf 83' lang='lat' dir='ltr'>nulli</span> <span class='ocrx_word' id='word_1_133' title='bbox 415 2602 484 2667; x_wconf 84' lang='lat' dir='ltr'>satis</span> <span class='ocrx_word' id='word_1_134' title='bbox 512 2603 638 2667; x_wconf 87' lang='lat' dir='ltr'>confisus</span> <span class='ocrx_word' id='word_1_135' title='bbox 666 2605 810 2688; x_wconf 80' lang='lat' dir='ltr'>experior.</span> <span class='ocrx_word' id='word_1_136' title='bbox 856 2604 985 2669; x_wconf 91' lang='lat' dir='ltr'>Proinde</span> 
     </span>
     <span class='ocr_line' id='line_1_22' title="bbox 192 2709 983 2792; baseline 0 -18"><span class='ocrx_word' id='word_1_137' title='bbox 192 2731 262 2774; x_wconf 88' lang='lat' dir='ltr'>cum</span> <span class='ocrx_word' id='word_1_138' title='bbox 285 2712 343 2774; x_wconf 90' lang='lat' dir='ltr'>hoc</span> <span class='ocrx_word' id='word_1_139' title='bbox 369 2711 417 2773; x_wconf 94' lang='lat' dir='ltr'>vel</span> <span class='ocrx_word' id='word_1_140' title='bbox 439 2710 514 2779; x_wconf 91' lang='lat' dir='ltr'>illud</span> <span class='ocrx_word' id='word_1_141' title='bbox 540 2711 625 2792; x_wconf 85' lang='lat' dir='ltr'>legis,</span> <span class='ocrx_word' id='word_1_142' title='bbox 652 2710 694 2771; x_wconf 87' lang='lat' dir='ltr'>ita</span> <span class='ocrx_word' id='word_1_143' title='bbox 712 2709 832 2792; x_wconf 77' lang='lat' dir='ltr'>singulis</span> <span class='ocrx_word' id='word_1_144' title='bbox 850 2712 983 2787; x_wconf 85' lang='lat' dir='ltr'>veniam,</span> 
     </span>
     <span class='ocr_line' id='line_1_23' title="bbox 194 2813 983 2900; baseline -0.001 -21"><span class='ocrx_word' id='word_1_145' title='bbox 194 2829 227 2879; x_wconf 91' lang='lat' dir='ltr'>ut</span> <span class='ocrx_word' id='word_1_146' title='bbox 242 2838 304 2879; x_wconf 91' lang='lat' dir='ltr'>non</span> <span class='ocrx_word' id='word_1_147' title='bbox 318 2816 437 2900; x_wconf 78' lang='lat' dir='ltr'>singulis</span> <span class='ocrx_word' id='word_1_148' title='bbox 451 2815 545 2878; x_wconf 84' lang='lat' dir='ltr'>dabis.</span> <span class='ocrx_word' id='word_1_149' title='bbox 592 2813 644 2877; x_wconf 90' lang='lat' dir='ltr'>An</span> <span class='ocrx_word' id='word_1_150' title='bbox 666 2816 782 2878; x_wconf 77' lang='lat' dir='ltr'>caeteris·</span> <span class='ocrx_word' id='word_1_151' title='bbox 797 2816 909 2879; x_wconf 86' lang='lat' dir='ltr'>artibus</span> <span class='ocrx_word' id='word_1_152' title='bbox 931 2837 983 2878; x_wconf 87' lang='lat' dir='ltr'>ex·</span> 
     </span>
     <span class='ocr_line' id='line_1_24' title="bbox 193 2921 984 3006; baseline 0 -22"><span class='ocrx_word' id='word_1_153' title='bbox 193 2921 303 2984; x_wconf 87' lang='lat' dir='ltr'>cusatio</span> <span class='ocrx_word' id='word_1_154' title='bbox 317 2923 349 2984; x_wconf 92' lang='lat' dir='ltr'>in</span> <span class='ocrx_word' id='word_1_155' title='bbox 363 2943 501 2998; x_wconf 83' lang='lat' dir='ltr'>nomem,</span> <span class='ocrx_word' id='word_1_156' title='bbox 522 2921 615 2983; x_wconf 89' lang='lat' dir='ltr'>literis</span> <span class='ocrx_word' id='word_1_157' title='bbox 631 2921 732 2983; x_wconf 90' lang='lat' dir='ltr'>durior</span> <span class='ocrx_word' id='word_1_158' title='bbox 746 2922 807 2997; x_wconf 86' lang='lat' dir='ltr'>lex,</span> <span class='ocrx_word' id='word_1_159' title='bbox 830 2922 984 3006; x_wconf 89' lang='lat' dir='ltr'>inquibus</span> 
     </span>
    </p>
   </div>
   <div class='ocr_carea' id='block_1_7' title="bbox 0 0 1165 3767">
    <p class='ocr_par' dir='ltr' id='par_1_7' title="bbox 0 0 1165 3767">
     <span class='ocr_line' id='line_1_25' title="bbox 0 0 1165 3767; baseline 0 0"><span class='ocrx_word' id='word_1_160' title='bbox 0 0 1165 3767; x_wconf 95' lang='lat' dir='ltr'> </span> 
     </span>
    </p>
   </div>
  </div>
 </body>
</html>
