2317 3767
242 246 286 312 80
399 267 433 312 c.
460 265 578 311 auru.
608 264 871 313 urrsrocnn.

238 405 310 491 lpse
319 405 412 491 posui.
439 408 497 472 ‹In
513 410 569 471 hac
583 410 799 472 heliocaminus
816 411 951 493 quidem,
974 410 1035 472 alia

236 512 368 598 xystum,
389 515 447 577 alia
468 536 560 590 mare,
583 527 705 598 utraque
723 514 1032 598 solemzcubiculum

234 631 341 683 ‘autem
351 622 458 696 valvis,
474 622 722 705 cryptoporticum
735 617 860 682 fenestra
873 617 1029 702 prospicit:

239 725 301 807 qua
313 746 396 787 mare
406 739 508 795 contra
520 726 663 810 pariet'em
678 726 811 787 medium
825 711 950 787 zotheca
963 746 1032 811 per-

232 825 333 912 ⁴quam
361 832 507 915 eleganter
535 831 656 906 recedit,
685 851 753 912 quae
777 829 975 912 specularibus
1000 831 1032 895 ἃ

241 936 458 999 velisobductis
467 933 629 999 reductisve
638 937 728 998 modo
738 935 1030 1020 adjiciturcubiculo,

228 1035 333 1104 modo
346 1038 487 1103 aufertur.
532 1039 663 1103 Le‘cium
681 1042 712 1103 &
730 1043 803 1103 duas
814 1041 965 1103 cathedras
980 1061 1032 1102 ca-

240 1148 296 1231 pit,
319 1148 337 1209 a
361 1146 485 1229 pedibus
511 1165 605 1222 mare,
629 1148 647 1208 a
670 1157 754 1229 tergo
779 1146 871 1226 villae,
895 1148 912 1209 a
935 1145 1032 1228 capite

227 1251 341 1336 sylvae,
364 1263 409 1314 tot
423 1248 511 1314 facies
532 1254 676 1327 locorum,
701 1252 825 1314 totidem
846 1247 978 1313 fenestris
999 1253 1031 1315 &

240 1357 390 1442 distinguit
413 1359 443 1421 δι
469 1355 582 1420 miscet.
631 1355 778 1438 Jundlum
797 1355 837 1418 est
858 1356 1031 1418 cubiculum

241 1464 336 1528 nouis
347 1466 377 1528 δι
390 1463 497 1526 somni.
540 1461 617 1525 Non
632 1463 707 1525 illud
726 1483 812 1525 voces
831 1461 1029 1539 servulorum,

240 1592 302 1634 non
326 1570 415 1633 maris
437 1587 585 1641 murmur,
609 1587 671 1629 non
690 1566 895 1650 tempestatum
914 1579 1027 1644 motus,

240 1697 301 1737 non
315 1673 469 1756 fulgurum
478 1673 595 1747 lumen,
607 1692 641 1733 ac
651 1693 689 1734 ne
702 1672 783 1734 diem
797 1671 919 1756 quidem
929 1670 1029 1748 sentit,

241 1779 293 1841 nifi
314 1776 445 1840 fenestris
467 1778 586 1860 apertis.
629 1776 715 1840 Tam
738 1778 797 1839 alti
813 1778 964 1861 abditique
983 1777 1029 1839 -se-

214 1895 217 1902 ’
240 1883 311 1945 c'reti
325 1884 377 1945 illa
388 1882 474 1958 ratio,
495 1884 575 1965 quod
589 1883 742 1967 interjaces
758 1885 872 1945 andron
886 1884 1031 1966 parietem
1048 1911 1051 1920 ’

212 2010 215 2020 ·
240 1985 541 2070 cubiculi,‘hortique
560 1986 721 2069 distinguit,
745 2001 834 2071 atque
852 1990 894 2049 ita
907 2007 1031 2051 omnem

239 2092 344 2156 sonum
359 2094 457 2155 media
476 2092 617 2153 inanitate
640 2091 796 2155 consumit.
841 2092 1031 2177 Applicitum

239 2197 447 2260 est'cubieu'lo
474 2196 686 2279 hypocaustum
717 2198 922 2280 perexiguum,
948 2200 1031 2280 quod

240 2302 360 2385 angusta
383 2300 507 2364 fenestra
531 2299 709 2385 suppositum
725 2304 872 2379 calorem,
899 2314 933 2364 ut
954 2303 1032 2374 ratio

239 2407 342 2489 exigit,
373 2410 434 2468 aut'
450 2404 591 2482 effundit,
621 2419 673 2469 aut
700 2408 816 2490 retinet.
870 2406 1031 2470 Procoeton

239 2512 359 2575 inde&
381 2513 554 2573 cubiculum
577 2512 736 2595 porrigitur
759 2513 791 2574 in
813 2510 916 2589 solem,
939 2533 1031 2596 quem

238 2617 384 2680 on'entem
412 2616 509 2679 statim
537 2629 707 2699 exceptum,
745 2618 823 2680 ultra
859 2617 1031 2695 meridiem,

199 2743 203 2748 ·
238 2722 395 2807 obliquum
409 2723 543 2807 quidem,
559 2719 609 2782 sed
623 2734 725 2783 tamen
738 2721 843 2783 servat.
879 2719 929 2783 ln
951 2721 1030 2784 hanc

234 2848 296 2910 ego
311 2828 431 2894 diaetam
449 2847 519 2888 cum
533 2847 582 2887 me
597 2827 717 2909 recipio,
740 2825 836 2889 abesse
846 2826 1030 2898 ‚mihi-eliam
1078 2833 1086 2840 “

238 2933 343 2995 ivilla
364 2952 433 2995 mea
446 2931 558 2993 videor.
604 2930 812 3015 Magnumque
834 2932 899 3015 ejus
922 2933 1031 3014 volup
