2317 3767
236 284 298 354 352
392 282 426 330 c.
452 280 567 327 seru.
592 280 856 328 aerarum.

235 402 484 500 sommam,
513 424 595 509 quaa
615 422 809 491 novamus
826 425 873 487 -u‘
890 424 1031 510 reema

233 529 400 613 cognosces.
444 529 531 594 Nam
550 528 694 613 plerisque
707 531 842 605 mutatis,
859 548 1031 617 eaquoque

235 648 351 699 mutata
365 636 504 703 videntur
516 652 587 718 quae
598 648 731 698 manent.
778 634 867 698 Vale.
987 654 989 656 ·
1007 658 1025 667 2'

297 866 395 910 xxrt.
421 863 455 909 C·
478 865 626 910 PLINIUS
650 864 816 911 GEMINIO
843 865 908 910 SUO
934 867 962 909 S.

178 1109 181 1116 .
233 1012 290 1123 N
293 1075 423 1120 osrrua
440 1058 507 1134 hos,
530 1060 581 1143 qui
603 1061 741 1122 omnium
760 1057 919 1121 libidinum
936 1058 1023 1143 servi,

231 1160 269 1224 src
295 1163 422 1225 aliorum
450 1163 735 1240 vitiisirascuntur,
755 1162 834 1247 quasi
857 1163 1023 1240 invideant,

230 1267 262 1330 &
275 1268 440 1349 gravissime
454 1269 594 1352 puniunt,
610 1291 684 1352 quos
696 1270 828 1332 maxime
843 1271 1021 1332 imitantur?

230 1392 301 1435 oum
315 1394 366 1437 eos
383 1375 624 1458 etiam,*qui-non
634 1376 767 1458 indigent
780 1376 939 1438 clementia
953 1377 1024 1438 ulli-

231 1500 278 1556 us,
306 1481 382 1542 nihil
404 1480 498 1563 magis
517 1498 608 1564 qoam
637 1481 742 1543 lenitas
767 1483 876 1543 deceat.
920 1479 1023 1564 Atque

229 1605 287 1667 ego
299 1587 448 1669 optimum
474 1587 505 1648 ἃ
518 1574 787 1649 emendatillunum
808 1585 955 1661 existimo,
971 1585 1024 1670 qui

229 1683 342 1753 caeteris
357 1692 399 1753 ita
412 1688 545 1773 ignoscit,
569 1704 712 1774 tanquam
728 1689 786 1775 ipse
804 1691 940 1775 quotidie
952 1712 1021 1773 pec*

229 1791 276 1857 cet
289 1797 363 1881 :ita
384 1796 510 1879 peccatis
531 1796 666 1872 abstinet,
695 1809 838 1880 tanquam
852 1798 965 1859 nemini
975 1798 1021 1880 ig·

229 1886 339 1962 noscat.
385 1900 513 1964 Proinde
534 1904 592 1965 hoc
617 1903 711 1978 domi,
735 1903 793 1965 hoc
807 1901 891 1978 foris,
917 1904 975 1966 hoc
988 1902 1021 1966 in

228 1999 312 2068 omni
333 2007 404 2068 vitae
422 2027 528 2088 genere
542 2020 707 2084 teneamus,
731 2021 764 2070 ut
779 2009 864 2071 nobis
879 2010 1021 2092 implaca-

228 2111 303 2174 biles
317 2109 419 2186 fimus,
436 2112 600 2174 exorabiles
615 2113 674 2175 istis
686 2115 788 2190 etiam,
805 2114 856 2199 qui
877 2116 946 2176 daie
965 2135 1020 2177 ve·

228 2215 322 2303 niam,
340 2214 393 2276 nist
412 2215 465 2277 fibi
479 2215 626 2280 nesciunt:
656 2218 888 2303 mandemusque
902 2240 1031 2297 memo·-

228 2321 291 2395 riae,
321 2322 402 2404 quod
429 2321 477 2383 vir
491 2322 671 2397 mitiffiruus,
698 2325 729 2386 ὃ(
752 2327 791 2386 ob
816 2326 874 2386 hoc
901 2340 1020 2408 quoque

226 2426 389 2502 maximus,
401 2424 549 2502 Thrasea,
562 2430 666 2490 crebro
679 2429 775 2491 dicere
789 2427 918 2504 solebat;
950 2444 1017 2507 Qut

230 2551 338 2615 vrrra
354 2550 456 2607 oorr,
474 2548 640 2595 nominas
657 2550 759 2596 onrr.
791 2532 922 2596 Fortasse
936 2544 1019 2617 qulaea

225 2637 277 2713 ris,
293 2659 353 2721 quo
367 2651 536 2700 commotus
551 2638 617 2699 haec
626 2635 764 2723 scribam.
809 2636 945 2720 Quidam
959 2660 1019 2702 nu·

225 2763 288 2826 per,
311 2742 361 2809 sed
375 2743 494 2805 ,melius
512 2763 626 2805 coram.
670 2741 856 2826 Qranquarn
885 2766 923 2806 ne
946 2754 1019 2808 tune

225 2849 358 2931 quidem.
404 2846 618 2911 Vereor.enim
640 2868 678 2909 ne
700 2848 743 2924 id,
764 2851 844 2932 quod
867 2850 1018 2934 improbo,

226 2938 277 3015 eos
296 2944 411 3031 seslari,
428 2973 557 3036 carpere,
581 2948 701 3029 referre,
727 2953 808 3031 huic,
832 2957 1020 3040 quodquam
