2317 3767
187 353 542 483 ·c.⁴1³u1u11
595 408 915 480 ciuc1u11

321 607 323 614 '
410 622 696 670 sucuuu1

167 765 949 850 EPISTOLARUM¹

355 977 516 1022 LIBER
562 979 751 1025 NONUS.

211 1187 236 1230 1.
283 1187 316 1231 C.
342 1187 489 1233 PLINIUS
514 1189 704 1234 SECUNDUS
735 1189 893 1236 MAXIMO

492 1292 560 1339 SUO
582 1294 611 1338 S.

164 1392 317 1507 SAEPE'te
327 1441 444 1516 monui,
460 1454 494 1505 ut
503 1443 607 1516 libros,
622 1460 697 1526 quos
708 1442 757 1504 vel
770 1458 825 1524 pro
838 1451 880 1517 te,
901 1439 951 1502 vel

158 1543 191 1607 in
207 1544 356 1608 Blateram
376 1546 484 1628 (immo
500 1548 531 1611 &
552 1569 607 1631 pro
629 1561 659 1609 te
678 1548 709 1611 ἃ
729 1548 761 1610 in
776 1547 885 1610 illum:
908 1546 951 1608 ita

158 1649 243 1721 enim
264 1651 389 1713 materia
408 1648 543 1735 cogebat)
558 1651 756 1735 composuisti,
778 1668 871 1736 quam
884 1673 952 1714 ma·

159 1753 302 1816 turiffime
315 1755 486 1820 emitteres:
507 1758 588 1841 quud
601 1777 681 1821 nune
695 1757 841 1841 praecipue
855 1767 951 1819 morte

158 1859 223 1942 ejus
251 1859 363 1936 audita,
386 1860 417 1923 δι
445 1861 548 1924 hortor
574 1862 605 1925 ἃ
634 1882 755 1925 moneo.
800 1861 951 1946 Quamvis

158 1966 240 2028 enim
248 1966 353 2048 legeris
362 1966 477 2043 multis,
486 1963 680 2051 legendosque
688 1968 815 2044 dederis,
826 1967 897 2029 nolo
905 1979 950 2029 ta-

158 2092 229 2134 men
242 2078 413 2155 quenquam
427 2072 543 2156 opinari
557 2069 700 2135 defuniio
709 2074 833 2135 demum
844 2073 950 2135 incho—

36 2196 44 2265 ss
158 2190 233 2255 atos,
251 2199 327 2261 quos
345 2177 490 2240 incolumi
505 2196 541 2240 eo
551 2177 694 2260 peregisti.
738 2176 827 2240 Salva
848 2177 882 2240 fit
896 2178 951 2240 tibi

158 2283 326 2346 constantia·
338 2279 432 2346 fama.
477 2280 544 2346 Erit
558 2295 671 2360 autem,
695 2281 835 2346 sinotum
857 2283 950 2365 aequis

158 2386 322 2472 iniquisque
349 2385 450 2465 fuerit,
486 2407 548 2450 non
586 2386 648 2470 post
673 2386 788 2450 inimici
822 2398 950 2464 mortem

157 2490 300 2554 scribendi
314 2493 369 2555 tibi
382 2504 486 2557 natam
500 2491 557 2556 effe
570 2492 731 2556 fiduciam:
756 2492 804 2555 sed
815 2492 882 2577 jam
896 2515 949 2576 pa-

158 2609 252 2659 ratam
274 2597 434 2661 editionem
448 2609 544 2662 morte
556 2609 751 2682 praeventam.
795 2596 891 2660 Simul
902 2598 950 2661 vi-

158 2701 235 2765 tabis
249 2701 337 2779 illud,

159 2804 236 2889 Οιῖχ
246 2802 326 2875 ὅσιον
336 2803 571 2890 φθιμένοισινέπ’
580 2802 947 2891 ἰνδρίσινεόχετᾶασῦαι.

157 2911 245 2977 Nam
268 2914 350 2996 quod
378 2913 415 2975 de
434 2912 555 2976 vivente
579 2912 732 2998 scriptum,
766 2915 804 2979 de
831 2914 948 2978 vivente

512 3016 612 3096 Aa4
