2317 3767
222 260 285 332 332
391 260 425 307 C·
455 261 570 308 PLIN·
594 261 861 309 EPISTOLAR.

218 404 374 469 formator.
419 403 560 468 Domum
574 404 658 467 suam
674 403 866 466 recitantibus
886 402 1013 485 praebet,

219 511 365 575 auditoria
383 530 445 574 non
460 513 539 592 apud
552 509 581 571 se
603 521 722 573 tantum
734 508 915 591 benignitate
933 508 1013 570 mira

218 615 405 701 frequentat:
433 616 508 678 mihi
522 628 613 690 certe,
626 616 749 679 simodo
761 615 793 677 in
808 614 941 691 urbeest,
957 617 1013 677 de·

218 718 278 784 fuit
301 738 468 804 nunquam.
525 720 619 784 Porro
643 734 726 784 tanto
748 722 862 805 turpius
882 722 1012 803 gratiam

218 846 280 890 non
299 823 418 900 referre,
440 840 553 909 quanto
573 826 722 891 honestior
735 827 822 891 causa
834 823 1011 889 referendae.

219 930 271 994 An
284 930 305 993 fi
320 931 423 995 litibus
442 942 562 1006 tereret,
580 932 754 995 obstrilium
775 932 833 994 elle
846 953 896 993 me
909 934 1012 994 crede·

217 1058 283 1100 rem
309 1038 432 1100 obeunti
460 1038 498 1098 ad
523 1038 696 1100 vadimonia
718 1039 807 1100 mea?
838 1058 919 1100 nunc
939 1038 1012 1121 quia

218 1144 296 1206 mihi
316 1164 406 1205 omne
432 1144 597 1226 negotium,
623 1143 722 1218 omnis
747 1144 779 1206 in
803 1142 905 1206 studiis
926 1164 1009 1219 cura,

219 1250 319 1312 minus
341 1250 459 1331 obligor
480 1261 562 1311 tanta
583 1247 737 1311 sedulitate
764 1249 944 1312 celebranti?
977 1249 1009 1311 in

218 1374 279 1436 quo
292 1355 416 1438 obligari
431 1375 497 1437 ego,
513 1374 552 1416 ne
566 1355 665 1416 dicam
678 1353 768 1431 soleo,
784 1367 863 1416 certe
877 1354 1011 1416 maxime

217 1459 346 1543 polium.
399 1458 493 1544 Quod
526 1459 547 1522 fi
575 1460 620 1521 illi
649 1461 765 1522 nullam
793 1461 887 1536 diem,
924 1460 1010 1522 nulla

218 1565 300 1648 quasi
326 1578 433 1628 mutua
453 1564 551 1628 officia
564 1566 716 1640 deberem,
737 1564 895 1627 solicitarer
908 1578 1009 1629 tamen

219 1671 276 1749 vel
295 1671 414 1753 ingenio
434 1670 566 1734 hominis
588 1670 789 1754 pulcherrimo
809 1672 841 1734 dt
863 1671 1008 1747 maximo,
1047 1663 1049 1666 ⁸
1147 1694 1149 1763 j

217 1776 248 1837 ἃ
261 1776 293 1837 in
307 1774 424 1838 summa
438 1774 590 1839 severitate
601 1776 778 1854 dulciffrmo,
799 1779 849 1839 vel
859 1777 1008 1841 honestate

216 1882 360 1944 materiae.
405 1881 512 1946 Scribit
524 1883 622 1945 exitus
634 1881 792 1944 illustrium
811 1882 957 1959 virorum,
976 1883 1010 1946 in

217 1987 254 2048 iis
288 1990 476 2071 quorundam
505 1988 582 2051 mihi
618 1987 843 2052 cariffimorum.
897 1987 1011 2051 Videor

216 2111 287 2174 ergo
315 2089 402 2174 fungi
421 2094 472 2176 pio
496 2114 632 2168 munere,
656 2115 842 2178 quorumque
871 2095 1011 2177 exequias

216 2197 363 2258 celebrare
384 2217 446 2259 non
462 2198 561 2274 licuit,
594 2200 704 2272 horum
728 2199 807 2283 quasi
832 2197 1010 2263 funebribus

216 2300 446 2378 laudationibus,
476 2302 546 2389 seris
568 2304 703 2387 quidem,
726 2303 775 2367 sed
804 2317 888 2368 tanto
912 2306 1008 2390 magis

216 2406 305 2482 veris,
328 2405 474 2470 interesse.
521 2407 609 2471 Vale.

301 2637 384 2681 xm.
410 2637 443 2681 C·
462 2638 610 2681 PLINIUS
627 2639 783 2685 GENIALI
801 2641 869 2686 SUO
893 2642 923 2685 S.
998 2675 1002 2682 .

219 2784 359 2896 Prono
381 2830 462 2914 quod
482 2830 599 2894 libellos
619 2851 702 2893 meos
716 2852 787 2895 cum
801 2846 883 2917 patre
902 2833 1007 2918 legisti,

218 2936 350 3000 Pertinet
363 2939 400 2998 ad
414 2931 583 3021 profedium
596 2949 695 3012 tuum,
711 2939 730 3000 ἃ
748 2937 932 3010 disertiffimo
945 2939 1012 3019 viro
