2317 3767
407 267 943 341 '113211103

148 410 218 472 tatis
231 365 380 474 exuerint.
402 409 471 474 Nifi
481 422 585 474 tamen
599 412 721 476 auribus
735 411 840 477 uostris
855 412 945 475 bibli-

149 517 242 598 opolae
256 516 464 579 blandiuntur.
496 516 553 581 Sed
568 515 636 580 sane
651 517 853 595 blandiantur,
869 519 944 580 dum

148 641 199 703 per
217 622 276 684 hoc
300 622 493 685 mendacium
518 622 607 685 nobis
629 621 724 685 studia
745 621 842 685 nostra
858 642 944 687 com-

148 729 305 790 mendent.
352 725 441 789 Vale.

172 928 232 1001 m.
258 954 292 1000 c.
317 953 466 997 ruimus
482 953 650 1002 'ciuium
674 955 770 1001 uuio
794 954 863 1001 suo
886 956 915 1000 s.

153 1098 285 1229 Qum
308 1146 368 1228 ugit
384 1142 533 1222 Comum,
557 1159 630 1224 tuae,
651 1166 786 1230 meatque
805 1146 941 1210 deliciae?

20 1325 25 1330 ⁶
149 1252 223 1334 quid
252 1249 456 1313 suburbanum
491 1252 751 1315 amoeniffimum?
786 1252 858 1335 quid
893 1253 945 1316 illa

150 1356 295 1438 porticus,
318 1376 409 1417 verna
430 1355 567 1441 semper?
600 1357 673 1440 quid
688 1358 851 1424 emmau
871 1380 944 1442 opa-

153 1460 309 1523 ciffimus?
333 1461 404 1544 quid
428 1460 559 1546 Euripus
583 1461 699 1537 viridis,
723 1463 754 1525 &
772 1464 949 1545 gemmeus?

153 1566 227 1649 quid
253 1565 413 1650 subjee'tus,
445 1568 475 1629 &
505 1565 635 1630 serviens
660 1567 765 1630 lacus?
794 1566 867 1651 quid
895 1567 947 1630 illa

137 1671 269 1746 mollis,
301 1673 453 1734 &tamen
479 1670 572 1735 solida
599 1672 742 1755 gestatio?
777 1674 851 1757 quid
881 1674 946 1737 bal·

156 1797 249 1839 neum
272 1778 359 1854 illud,
381 1779 461 1861 quod
486 1780 634 1862 plurimus
656 1776 699 1842 sol
713 1778 818 1862 implet
838 1781 870 1843 &
884 1780 945 1842 eir·

152 1883 270 1945 cumit?
298 1884 370 1966 quid
391 1883 521 1946 triclinia
543 1884 596 1946 illa
609 1885 783 1968 popularia?
808 1885 881 1969 quid
894 1886 947 1948 illa

153 1991 343 2073 paucorum?
381 1991 454 2074 quid
483 1992 621 2053 cubicula
651 1991 758 2055 diuma
785 1993 946 2057 noeiurna·
981 2067 984 2072 ,

153 2098 235 2180 que?
262 2095 442 2178 poffidentne
468 2109 508 2173 te,
531 2094 633 2181 &per
654 2099 734 2161 vices
756 2099 945 2181 partiuntur?
994 2129 996 2134 ·

153 2202 220 2278 An,
245 2213 280 2264 ut
301 2199 426 2278 solebas,
450 2202 615 2265 intentione
638 2204 680 2266 rei
699 2200 856 2266 familiaris
874 2205 949 2267 obe·

154 2311 257 2383 undae,
288 2309 398 2371 crebris
426 2306 646 2372 excursionibus
674 2310 832 2372 avocatis:
867 2309 889 2372 fi
918 2321 949 2373 te

153 2414 310 2499 poffident,
328 2411 401 2477 felix
421 2412 582 2498 beatusque
596 2435 649 2478 es:
677 2414 720 2478 fin
734 2416 848 2492 minus,
870 2435 949 2478 unus

155 2542 194 2583 ex
208 2521 324 2583 multis.
355 2519 442 2604 Quin
456 2533 491 2582 tu
510 2519 689 2604 (tempusest
704 2516 799 2599 enim)
818 2521 950 2584 humiles

158 2627 188 2689 &
210 2624 340 2688 sordidas
359 2646 446 2688 curas
467 2625 534 2689 aliis
556 2627 701 2690 mandasz
732 2627 764 2691 &
787 2626 847 2711 ipse
865 2640 895 2689 te
917 2626 949 2688 in

157 2733 219 2795 alto
231 2731 285 2794 isto
298 2732 460 2815 pinguique
473 2729 579 2795 seeeffu
599 2731 700 2795 studiis
714 2731 833 2795 adseris.
879 2730 951 2794 Hoc

158 2838 193 2901 fit
208 2838 361 2921 negotium
371 2851 472 2914 tuum,
492 2838 550 2901 hoc
570 2839 679 2913 otium,
702 2838 751 2901 hic
765 2840 861 2913 labor,
884 2835 965 2901 hue*

157 2945 254 3028 quies,
281 2943 314 3008 in
329 2943 377 3007 his
396 2943 510 3028 vigilia,
536 2944 568 3007 in
590 2944 638 3007 his
660 2944 752 3007 etiam
767 2941 888 3009 somnus
902 2963 949 3007 re·

527 3047 595 3116 132
