2317 3767
198 260 261 347 276
365 281 399 330 c.
426 281 546 328 reru.
574 280 837 327 rrrsrornr.

196 421 377 507 syllaborurn
405 427 548 489 volumen
572 423 733 503 absolvere,
748 447 818 501 ,nec
848 424 986 509 penitet.

199 529 334 612 Legitur,
353 529 536 607 describitur,
550 544 687 594 cantatur
711 532 813 608 etiam,
829 534 846 596 ξ
868 529 986 607 Grtecie

195 654 325 718 quoque,
337 638 413 718 quos¹
424 635 533 700 Latine
553 635 644 720 huju'e
660 636 760 701 libelli
773 659 859 700 amor
872 637 985 712 docuit,
1135 651 1139 658 '

197 740 410 816 nunccithata,
425 761 506 804 nunc
521 742 586 825 lyr-a
604 740 786 825 personatur.
818 742 888 806 ised
912 742 985 826 quid
1050 724 1053 731 Ι

194 866 253 929 ‘ego
265 857 328 906 tam
338 843 485 927 gloriose?
508 867 680 931 quanquam
695 848 791 930 poitis
801 845 898 914 furere
911 867 985 910 con·

197 951 307 1027 cellum
325 950 377 1027 est,
399 952 430 1014 &
447 965 549 1014 tamen
570 970 632 1033 non
646 955 684 1013 de
699 973 779 1028 meo,
800 951 847 1014 sed
858 954 895 1014 de
910 948 984 1023 alio-

197 1077 266 1122 rum
276 1056 391 1140 judicio
411 1057 528 1140 loquor,
554 1057 607 1140 qui
620 1057 678 1120 five
693 1058 840 1141 judicant,
860 1056 918 1120 five
937 1077 984 1119 er·

197 1175 275 1238 rant,
295 1182 344 1224 me
369 1163 526 1224 deletiant.
572 1161 679 1225 Unum
695 1182 809 1246 precor,
830 1175 864 1226 ut
880 1162 985 1245 posteri

196 1287 315 1355 quoque
322 1279 374 1330 aut
387 1279 484 1330 errent
497 1267 641 1344 srmiliter,
653 1268 856 1351 autjudicent.
893 1268 981 1332 Vale.

234 1498 272 1545 v.
317 1498 351 1544 c.
381 1497 531 1543 uerutus
555 1498 806 1544 cnrruuruue
823 1476 957 1550 suns,

199 1645 451 1756 lucremini
467 1688 520 1765 est,
541 1703 654 1772 quanto
665 1689 811 1755 desederint
820 1689 864 1754 tui
871 1704 983 1755 tenoer.

199 1798 238 1862 ln
249 1794 335 1860 causa
343 1815 428 1858 amor
441 1794 590 1878 primum:
611 1795 729 1872 deinde,
740 1799 821 1878 quod
834 1818 898 1861 non
911 1817 984 1860 con-

196 1901 345 1966 suevimus
353 1900 458 1964 abesse.
504 1899 581 1963 Inde
596 1899 648 1976 est,
667 1902 748 1983 quod
759 1920 901 1984 magnam
913 1923 984 1985 par.

197 2021 259 2070 tem
270 2007 406 2070 nofflum
419 2007 452 2068 in
467 2006 597 2088 imagine
615 2019 669 2068 tua
678 2005 752 2088 vigil
761 2006 865 2089 exigo:
895 2006 982 2084 Inde,

196 2116 277 2198 quod
295 2112 434 2188 interdiu,
461 2111 569 2194 quibus
583 2111 665 2173 horis
686 2124 716 2173 te
731 2109 821 2173 visere
842 2111 982 2190 solebam,

197 2221 234 2281 ad
249 2219 370 2280 diaetam
382 2229 467 2279 tuam
480 2213 531 2299 ipfi
553 2235 616 2292 me,
640 2228 675 2277 ut
703 2213 847 2279 verissime
864 2216 984 2295 dicitur,

195 2327 285 2410 pedes
308 2320 440 2387 ducunt:
475 2323 555 2405 quod
580 2321 707 2406 denique
728 2342 806 2407 aeger
830 2335 926 2400 metu,
953 2325 985 2388 &

196 2430 298 2494 similis
312 2427 430 2492 excluso
453 2429 471 2491 zi
491 2447 586 2490 vacuo
599 2425 704 2490 limine
717 2414 833 2490 recedoss
877 2429 984 2493 Unum

195 2548 314 2621 tempus
326 2535 374 2598 his
382 2533 538 2597 tormentis
546 2543 636 2609 caret,
652 2553 713 2615 quo
727 2531 759 2594 in
771 2528 851 2609 soro,
868 2535 983 2599 &ami-

195 2662 301 2706 corum
311 2639 412 2704 litibus
432 2649 579 2701 conteror.
623 2635 752 2700 AEstima
766 2649 812 2714 tu,
833 2660 902 2722 quae
922 2641 984 2704 vita

195 2769 264 2814 mea
277 2747 322 2825 srt,
333 2746 382 2809 cui
396 2743 512 2829 requies
524 2744 558 2806 in
570 2742 682 2821 labore,
709 2741 741 2805 in
762 2741 877 2815 miseria
892 2745 984 2809 euris·
1020 2788 1023 2793 <

196 2876 255 2948 que
264 2852 402 2919 solatium
413 2849 465 2914 est.
510 2846 599 2916 Vale.
922 2850 925 2857 '
