2317 3767
215 281 274 363 148
374 263 409 348 c.
434 302 548 348 mu.
574 303 840 352 corseone.

214 464 284 507 men
299 455 333 507 ut
348 444 380 506 in
400 443 523 520 Senatu,
546 445 589 508 ita
606 447 638 509 in
657 447 788 524 civitate,
804 446 836 510 in
847 447 922 510 duas
936 467 1007 532 par⁴

213 563 257 613 tes
281 548 440 611 hominum
471 549 586 634 judicia
615 550 719 614 divisa.
777 550 866 616 Nam
896 555 1006 637 quibus

214 651 357 717 sententia
382 653 535 739 Caepionis
560 656 683 739 placuit,
703 653 879 720 sententiam
905 657 1007 726 Macri

215 772 249 822 ut
276 759 403 842 rigidam
430 762 597 844 duramque
628 762 867 844 reprehendunt:
896 762 1007 847 quibus

217 861 330 942 Macri,
354 866 438 928 illam
461 867 585 931 alteram
600 863 782 943 dissolutam,
812 878 902 950 atque
915 867 1008 930 etiam

216 971 461 1054 incongruentem
477 983 597 1035 vocant.
642 971 767 1055 Negant
782 972 865 1034 enim
878 991 1006 1054 congru-

217 1098 269 1140 ens
280 1076 348 1153 effe,
364 1077 488 1139 retinere
500 1077 531 1139 in
551 1076 673 1153 Senatu,
689 1077 738 1140 cui
748 1076 865 1161 judices
878 1078 1004 1139 dederis.

217 1180 332 1246 Fuit&
345 1182 432 1244 tertia
449 1180 611 1246 sententia:
640 1181 779 1245 Valerius
798 1182 941 1245 Paulinus
960 1179 1008 1243 as-

216 1285 314 1351 sensus
333 1285 486 1372 Caepioni,
512 1290 571 1352 hoc
590 1289 719 1372 amplius
737 1286 861 1362 censuit,
876 1284 1008 1350 reseren-¹

217 1394 291 1458 dum
311 1395 348 1457 de
361 1392 552 1478 Theophane
572 1413 643 1456 cum
669 1394 847 1477 legationem
868 1392 1009 1470 renunciss'

217 1502 300 1565 asset.
344 1499 536 1582 Arguebatur
553 1500 635 1562 enim
649 1500 745 1562 multa
769 1499 801 1561 in
825 1496 1010 1561 accusatione

217 1604 328 1683 secisse,
350 1626 418 1689 quae
434 1603 487 1666 illa
506 1602 566 1686 ipsa
580 1604 656 1687 lege,
676 1625 736 1688 qua
747 1603 869 1669 Bassum
891 1600 1010 1666 accusa·

219 1723 312 1786 verat,
333 1721 511 1772 tenerentur.
556 1708 615 1772 Sed
638 1710 716 1771 hanc
729 1706 906 1772 sententiam
920 1707 1008 1772 Con-

218 1814 294 1878 sules
309 1816 493 1899 (quanquam
515 1815 658 1878 maximae
679 1814 756 1898 parti
777 1813 903 1878 Senatus
930 1815 1007 1878 mire

218 1916 408 2004 probabatur)
427 1937 489 1984 non
513 1918 581 1983 sunt
601 1920 753 2002 persecuti.
796 1918 940 1983 Paulinus
961 1932 1009 1983 ta·

219 2046 291 2088 men
301 2025 458 2109 &justitiae
472 2023 587 2087 samam
600 2026 631 2090 tc
642 2024 811 2088 constantiae
824 2026 903 2088 tulit.
927 2024 1009 2089 Mis·

218 2128 250 2193 so
272 2129 381 2193 Senatu
396 2130 498 2194 Bassus
523 2150 633 2213 magna
653 2131 814 2194 hominum
827 2128 1006 2214 frequentia,

219 2256 328 2320 magno
352 2236 491 2314 clamore,
520 2256 632 2320 magno
658 2235 767 2319 gaudio
790 2247 930 2321 exceptus
951 2234 1005 2299 esl.

221 2341 344 2406 Fecerat
357 2364 427 2405 eum
441 2338 637 2406 favorabilem
650 2352 792 2405 renovata
805 2340 1009 2404 discriminum

110 2493 115 2502 «
222 2445 409 2526 vetussama,
432 2460 596 2531 notumque
608 2446 747 2531 periculis
770 2466 894 2523 nomen,
922 2447 953 2511 δι
975 2445 1008 2509 in

222 2555 345 2643 proc'ero
368 2575 487 2639 corpore
515 2552 621 2617 moesta
648 2549 835 2636 &squalida
862 2549 1006 2615 senedlua.

223 2662 360 2729 Habebis
372 2662 450 2724 hanc
464 2660 584 2736 interim
597 2657 761 2742 epistolam,
777 2670 811 2720 ut
822 2658 985 2741 πρόδρομον
997 2684 1005 2723 :

222 2768 390 2856 expeetabis
411 2764 721 2847 orationem-plenam,
743 2762 939 2847 onustamque
956 2782 1008 2826 ex·

223 2877 353 2962 pestabis
364 2875 426 2938 diu.
469 2871 581 2954 Neque
605 2870 687 2933 enim
708 2868 812 2932 leviter
832 2868 864 2934 bc
890 2866 1007 2944 curfim,

225 2994 259 3045 ut
268 2985 306 3045 de
319 3003 351 3046 re
361 2993 455 3058 tanta,
469 2976 654 3042 retradlauda
667 2973 718 3039 est.
762 2971 851 3038 Vale.
