2317 3767
413 289 709 337 erratur.
908 288 989 369 243'

214 554 310 599 xvn.
344 555 377 600 C.
406 518 552 602 mulus
577 552 786 602 nusrlru'to
812 554 879 601 SUO
901 555 930 599 8.

179 694 597 825 Iunrounrruucornn,
633 768 725 832 quam
755 747 786 809 in
814 745 966 832 cujusdam

176 851 266 914 amici
280 853 427 915 auditorio
440 853 514 935 cepi,
535 874 597 917 non
616 852 732 938 polium
753 852 830 915 mihi
850 866 966 937 tempe·

178 976 253 1032 rare,
274 977 336 1040 quo
360 958 461 1019 minus
486 961 564 1040 apud
587 972 628 1034 te,
658 958 811 1042 quianon
842 959 966 1042 contigit

176 1082 289 1138 coram,
301 1082 353 1144 per
366 1060 516 1144 epistolam
526 1060 692 1125 effundam.
724 1062 916 1126 Recitabatur
927 1063 965 1125 li·

178 1167 231 1228 ber
244 1164 488 1228 absolutissimus:
505 1167 586 1229 hunc
597 1169 668 1242 duo,
683 1180 735 1231 aut
748 1182 818 1243 tres,
831 1183 864 1230 ut
874 1169 965 1233 fibi&

177 1270 278 1352 paucis
300 1269 450 1346 videntur,
471 1270 689 1347 diserti‚.surdis
704 1270 849 1355 mutisque
859 1272 966 1337 fimiles

176 1377 346 1439 audiebant.
391 1376 466 1440 Non
481 1377 564 1440 labra
578 1377 770 1451 diduxerunt,
785 1397 846 1439 non
860 1398 964 1440 move-

177 1493 246 1542 runt
260 1502 396 1558 manum,
415 1503 476 1545 non
490 1482 617 1565 denique
631 1480 845 1544 affunererunt
862 1480 965 1545 saltem

177 1585 340 1648 laffitudine
353 1586 481 1650 sedendi.
524 1586 606 1672 Quae
619 1599 703 1649 tanta
723 1586 870 1670 gravitas?
898 1607 966 1670 quae

176 1701 259 1752 tanta
272 1688 428 1774 sapientia?
441 1715 509 1776 quae
523 1695 619 1756 immo
631 1693 759 1777 pigritia,
786 1692 963 1775 arrogantia,

177 1792 352 1873 finisteritas,
375 1817 410 1859 ac
431 1798 530 1879 potius
555 1799 708 1860 amentia?
733 1799 764 1859 in
783 1798 841 1859 hoc
865 1810 963 1861 totum

177 1901 258 1963 diem
277 1901 458 1985 impendere,
475 1913 508 1965 ut
526 1900 672 1978 offendas,
686 1910 730 1964 'ut
743 1902 898 1965 inimicum
916 1925 963 1966 re-

175 2006 310 2089 linquas:
342 2010 379 2070 ad
403 2028 494 2091 quem
519 2020 661 2091 tanquam
686 2005 876 2071 amieiffrmus
909 2031 961 2072 ve·

174 2114 275 2176 neris?
322 2112 469 2178 Disertior
482 2112 541 2197 ipse
555 2115 607 2176 es?
624 2127 704 2176 tanto
715 2112 810 2196 magis
823 2132 861 2176 ne
882 2114 961 2177 invi·

175 2219 262 2282 deris.
306 2219 394 2283 Nam
408 2219 459 2303 qui
474 2220 598 2295 invidet,
614 2219 713 2282 minor
726 2217 777 2280 est.
821 2217 961 2302 Denique

174 2322 232 2385 five
246 2325 323 2407 plus,
338 2324 397 2388 five
412 2327 524 2401 minus,
546 2324 605 2386 five
618 2325 697 2387 idem
712 2322 839 2406 praestas,
859 2324 959 2401 lauda,

176 2428 224 2489 vel
252 2427 433 2508 inferiorem,
462 2433 509 2494 vel
537 2428 727 2512 superiorem,
765 2428 814 2491 vel
844 2449 956 2511 parem.

177 2531 375 2617 Superiorem,
401 2538 470 2620 quia
493 2535 546 2598 nist
567 2536 733 2597 laudandus
757 2535 807 2596 ille
829 2554 890 2598 non
905 2534 956 2610 est,

175 2660 236 2701 non
251 2653 333 2722 potes
344 2639 402 2724 ipse
413 2641 544 2703 laudari:
566 2635 747 2716 inferiorem,
771 2650 823 2702 aut
843 2660 962 2722 parem,

173 2746 244 2828 quia
261 2747 385 2829 pertinet
394 2748 432 2808 ad
448 2757 532 2807 tuam
545 2743 670 2827 gloriam
684 2762 776 2829 quam
790 2744 957 2807 maximum

171 2851 279 2926 videri,
308 2871 399 2934 quem
419 2851 572 2932 praeeedis,
599 2851 648 2912 vel
672 2869 819 2932 exaequas.
863 2846 958 2933 Equi·

173 2958 242 3033 dem
254 2976 370 3031 omnes,
394 2954 445 3038 qui
467 2955 579 3037 aliquid
593 2958 625 3018 in
646 2955 746 3018 studiis
759 2950 884 3028 faciunt,
904 2974 956 3016 ve-

524 3058 591 3125 Ra
