2317 3767
216 275 280 357 284
385 295 419 342 c.
444 286 557 342 e'rrn.
584 286 845 348 errorotrn.

269 501 305 544 x,
338 499 371 546 c.
395 486 548 546 'nimios
574 501 748 547 Mncnrno
779 500 847 550 suo
873 501 902 547 r.

215 600 345 730 Quin
367 646 427 732 ipse
451 649 632 732 comprima
652 648 792 731 cognovi,
809 647 936 733 jungere
949 672 1002 714 ex·

212 764 307 814 trema
329 752 408 835 qnasi
431 752 532 815 avulsa
558 754 658 836 cupio,
673 768 705 814 te
726 772 845 838 qnoque
867 757 1002 820 existimo

212 857 290 918 velle
308 858 345 918 de
357 856 477 920 Vareno
495 859 527 920 ἃ
541 857 679 941 Bithynis
691 860 810 942 reliqua
817 861 998 944 cognoscere.

212 960 292 1024 Aera
314 962 399 1025 causa
424 964 534 1027 hinci
560 963 713 1048 Polyaeno,
742 966 810 1029 inde
835 967 853 1030 ὲ
879 969 997 1054 Magio.

213 1065 321 1131 Finitis
335 1069 513 1144 accionibus,
529 1068 643 1145 Caesar,
663 1069 792 1147 Neutra,
810 1073 917 1157 inquit,
929 1090 1000 1158 pars

209 1175 245 1234 de
266 1196 346 1236 mora
363 1187 507 1258 queretur.
560 1175 631 1239 Erit
652 1175 724 1237 mihi
743 1200 833 1254 rure,
854 1181 1000 1263 explorare

204 1281 363 1366 provincia
375 1283 557 1345 voluntatem.
604 1281 743 1344 Multum
762 1284 883 1346 interim
902 1284 998 1347 Vare-

210 1406 267 1450 nus
289 1388 368 1448 tulit.
413 1385 535 1449 Etenim
549 1405 641 1469 quam
661 1388 788 1450 dubium
803 1389 855 1465 est,
877 1411 915 1451 an
932 1411 997 1452 me-

210 1489 268 1553 rito
278 1490 437 1566 accusetur,
450 1492 501 1574 qui
512 1512 553 1565 an
562 1491 686 1552 omnino
694 1492 842 1557 accusetur
852 1496 997 1559 incertum

208 1596 270 1658 est?
294 1596 437 1679 Superest,
460 1617 498 1659 ne
517 1594 615 1658 rursus
634 1597 795 1678 provinciae
808 1603 888 1682 quod
910 1603 996 1662 dam·

208 1701 287 1764 nasse
300 1703 418 1777 dicitur,
433 1704 558 1786 placeat,
574 1714 699 1786 agatque
713 1705 920 1786 poenitentiam
930 1726 995 1789 poe·

196 1806 423 1874 ,nitentiaesuae
469 1807 556 1872 Vale.
628 1794 629 1799 ἵ

303 2039 360 2082 :XL
386 2038 420 2083 C·
439 2038 585 2082 PLINIUS
605 2038 751 2083 FABATO
770 2039 841 2085 SUO·
861 2041 889 2084 S.

206 2179 417 2303 Minatus,
433 2230 513 2312 quod
525 2228 656 2292 Hermes
671 2231 794 2295 libertus
804 2231 993 2295 meushaere-

204 2332 324 2395 ditarios
339 2354 434 2416 agros,
450 2354 524 2417 quos
543 2356 599 2417 ego
608 2334 750 2418 jusseram
762 2335 912 2419 proscribi,
933 2354 994 2398 non

204 2439 357 2521 expectata
371 2440 507 2502 auciione
529 2462 584 2523 pro
608 2460 677 2503 meo
700 2442 865 2524 quincunce
879 2461 916 2503 ex
931 2440 993 2523 sep·
1012 2493 1016 2500 .

204 2546 345 2627 ringentis
370 2547 504 2607 millibus
533 2544 675 2609 Corelliae
700 2546 864 2608 addixerit:
891 2545 994 2629 adjicis

204 2649 284 2734 posse
305 2671 355 2713 eos
379 2650 537 2732 nongentis
562 2651 697 2713 millibus
710 2652 832 2728 vaenire,
849 2672 894 2714 ac
913 2662 995 2713 tanto

198 2757 301 2840 ,magis
314 2756 433 2841 quaeris,
456 2776 495 2818 an
523 2758 604 2840 quod
619 2755 733 2838 gesserit
747 2769 845 2821 ratum
866 2755 990 2818 servem.

204 2860 271 2944 Ego
284 2884 356 2924 vero
369 2861 469 2923 servo:
490 2861 599 2944 quibos
612 2882 651 2923 ex
664 2861 757 2924 causis
771 2862 880 2945 accipe.
912 2860 993 2945 (Cu-

203 2967 253 3052 pio
266 2969 348 3032 enim
361 2967 392 3031 &
406 2966 461 3029 tibi
475 2968 632 3050 probatum
646 2967 677 3031 &
691 2967 896 3031 cohaeredibus
916 2964 992 3029 meir
