2317 3767
378 301 569 357 moon
618 301 670 355 η.
879 285 921 373 ⁶9

138 439 386 537 impedimenti'in
397 452 447 516 via
460 450 555 537 pastus
569 450 621 514 est.
665 445 749 513 Tuae
761 439 841 512 minc
854 469 923 534 par·

138 570 196 634 tes,
218 570 249 620 ut
261 559 393 641 primum
407 559 502 635 illam,
533 558 640 619 deinde
660 555 738 618 hanc
751 574 924 618 remunere-

123 665 179 733 ris
198 664 301 738 literis,
328 664 429 748 quales
456 661 538 725 istinc
560 661 654 725 redire
675 659 832 724 uberrimae
855 651 922 743 poia

119 767 214 836 ‚suno
261 768 350 832 Vale.

207 998 308 1043 xm.
340 996 374 1043 c.
402 994 548 1042 Pinnos
571 967 700 1041 msto
722 992 789 1041 suo
818 993 846 1039 s.

136 1130 213 1249 Er
228 1197 263 1248 tu
277 1185 439 1250 occaiiones
453 1176 604 1270 obligandi
617 1209 667 1250 me
679 1185 841 1249 avidiffime
856 1201 922 1250 am·

133 1292 284 1375 pleoieris,
304 1293 400 1375 &ego
410 1292 523 1355 nemini
533 1282 674 1355 libentius
684 1292 788 1353 debeo.
812 1290 923 1374 ¹Dua·

132 1398 190 1459 bus
210 1418 281 1479 ergo
300 1399 336 1459 de
353 1396 444 1459 caufis
459 1396 476 1459 ὲ
490 1408 519 1458 te
538 1394 722 1480 potiffimum
737 1405 834 1476 petere
850 1409 923 1456 con-

131 1500 225 1577 stitui,
242 1504 322 1586 quod
336 1502 527 1585 impetratum
543 1500 675 1563 maxime
689 1498 788 1580 cupio.
832 1495 924 1580 Regis

132 1606 299 1669 exercitum
310 1605 533 1689 ampliffimnm,
553 1607 624 1667 hinc
640 1605 695 1667 tibi
710 1600 924 1666 beneficiorum

132 1711 221 1792 larga
243 1712 381 1773 materia:
406 1711 530 1793 longum
551 1724 691 1794 praeterea
711 1721 841 1792 tempus3
863 1727 925 1792 quo

132 1815 251 1878 amicos
270 1826 335 1878 tuos
354 1825 496 1878 exornare
513 1809 641 1899 potuisti.
686 1813 870 1878 Convertere
885 1816 923 1876 ad

130 1919 260 1996 nostros,
283 1939 338 1983 nec
360 1921 416 1982 hos
440 1921 562 1983 multos⁴
608 1919 722 1983 Malles
747 1931 780 1981 tu
800 1919 922 2003 quidem

130 2024 260 2101 multos,
282 2021 331 2088 sed
351 2014 428 2087 meai
449 2024 636 2087 verecundiae
655 2019 761 2087 sufficit
781 2045 859 2087 unus
872 2038 924 2088 aut

89 2196 94 2202 ,
130 2130 220 2206 alter,
245 2145 280 2191 ac
300 2130 398 2212 potius
420 2150 508 2193 unus.
554 2129 587 2193 Is
609 2129 665 2192 erit
684 2127 837 2192 Voconius
858 2128 924 2193 Ro-

129 2255 260 2298 manusz
286 2225 374 2298 P'ater
388 2235 415 2297 ei
430 2234 462 2297 in
476 2234 601 2318 equestri
618 2235 714 2318 gradu
731 2234 841 2310 clarus,
861 2234 924 2298 clas

130 2340 193 2402 rior
221 2339 356 2416 vitricus,
384 2331 478 2402 immo
503 2333 586 2422 pater
610 2339 697 2401 alius.
739 2337 829 2401 Nam
853 2339 924 2403 huic

82 2513 86 2520 ,
131 2464 255 2529 quoque
269 2436 385 2507 homini
398 2444 505 2527 pietate
522 2442 651 2507 suceeffit
673 2454 768 2506 mater
783 2441 801 2506 ὃ
820 2443 925 2526 primis

17 2533 19 2546 ³
130 2539 278 2612 citeriori&
293 2545 458 2632 Hispaniae.
503 2548 566 2613 scis
586 2550 667 2634 quod
683 2548 833 2633 judicium
854 2569 923 2632 pro-

130 2645 243 2716 vinciaev
261 2651 360 2717 iilius:
385 2652 439 2716 scis
457 2665 568 2736 quanta
580 2653 616 2715 fit
627 2654 773 2737 gravitas:
797 2651 856 2737 ipse
868 2652 924 2714 fla·

129 2778 207 2821 men
226 2758 361 2841 proxime
379 2754 448 2821 fuit.
493 2754 587 2821 Hunc
597 2779 664 2841 ego,
683 2778 754 2822 cum
769 2756 926 2821 fimulstua

130 2864 285 2939 deremus,
319 2863 399 2926 ariie
433 2859 677 2947 saniliariterque
711 2864 813 2926 dilexi.
866 2860 926 2926 ¹Ille

130 2977 222 3032 meus
252 2968 283 3030 in
308 2969 395 3046 urbe,
422 2969 472 3031 ille
497 2961 529 3031 in
557 2967 664 3032 seceffu
693 2959 923 3032 contubernalis
