2317 3767
393 313 702 362 urorum.
899 307 940 380 97

252 581 290 631 V·
324 579 532 628 acutulus
558 581 689 628 MACRO
716 580 784 627 SUO
809 582 837 625 S.

152 729 406 843 Ponunnrunt
427 774 468 838 est
486 776 574 851 mihi,
598 776 679 859 quod
702 787 765 838 tam
786 776 941 861 diligenter

149 883 242 945 libros
254 883 403 950 ,avunculi
428 883 489 944 mei
509 880 636 958 leuitas,
659 895 691 945 ut
712 883 820 946 habere
834 904 945 950 omnen

151 990 240 1066 velis,
276 988 459 1072 quaerasque,
489 988 542 1072 qui
566 987 623 1051 fint
650 1009 766 1052 omnes.
821 987 942 1074 Fungar

151 1095 260 1158 indicis
281 1097 430 1179 partibus:
458 1104 546 1177 atque
567 1095 659 1158 etiam
678 1117 740 1180 quo
762 1095 817 1159 smt
838 1096 942 1163 ordine

152 1201 264 1284 scripti,
286 1213 393 1263 notum
402 1199 457 1263 tibi
470 1195 590 1263 faciam.
629 1199 681 1263 Est
692 1202 774 1266 enim
785 1203 853 1267 -haec
865 1225 941 1288 quo-

151 1328 212 1390 que
225 1305 357 1369 studiofis
370 1326 431 1368 nou
455 1306 619 1390 injucunda
640 1305 780 1389 cognitio.
827 1308 879 1371 Dc
892 1309 943 1394 ja.

153 1414 304 1476 culatione
324 1410 449 1495 equestri
471 1432 560 1487 unus,
584 1411 677 1487 hunc,
701 1432 771 1474 cum
787 1409 959 1496 praefetiun

154 1519 211 1581 alae
226 1518 378 1593 militaret,
403 1517 466 1599 pari
479 1516 601 1599 ingenio
621 1536 750 1602 curaque
769 1517 941 1602 composuit.

158 1625 212 1688 De
230 1625 292 1686 vita
304 1622 462 1705 Pomponii
482 1620 611 1685 Secundi
630 1624 701 1699 duo,
726 1621 744 1686 ὲ
767 1644 828 1707 quo
846 1623 944 1708 fingu-

157 1729 261 1792 latitet
283 1741 409 1805 amatus,
431 1728 490 1791 hoc
503 1729 658 1791 memoriae
679 1730 767 1793 amici
790 1730 870 1815 quasi
892 1733 947 1794 de-

156 1836 257 1899 bitum
277 1854 387 1899 munus
412 1832 546 1897 exsolvit.
590 1833 744 1898 Bellorum
770 1835 946 1904 Germaniae

155 1942 276 2026 uiginti,
307 1942 415 2026 quibus
439 1941 554 2016 omnia,
588 1962 656 2025 quae
682 1961 753 2004 cum
783 1939 963 2006 Germanis·

157 2047 295 2133 gestimus
323 2048 413 2123 bella,
444 2047 581 2130 collegit:
616 2044 787 2124 Inchoavit‚
816 2070 886 2111 cum
915 2049 947 2112 in

158 2154 326 2219 Germania
336 2153 487 2228 militaret,
507 2151 623 2214 somnio
637 2152 780 2216 monitus.
826 2152 947 2232 Adstitit

159 2262 284 2324 enimei
304 2257 462 2345 quiescenti
485 2257 576 2322 Drufi
597 2257 731 2323 Neronis
750 2256 872 2342 effigies,
896 2260 948 2344 qui

159 2366 335 2433 Germaniae
348 2362 484 2428 latissime
497 2364 594 2427 vicior
604 2364 646 2427 ibi
665 2363 769 2448 periit:
795 2386 948 2430 commen·

160 2474 251 2535 dabat
272 2470 450 2534 memoriam
476 2468 571 2546 suam,
603 2471 774 2553 orabatque,
801 2484 834 2533 ut
859 2470 888 2533 se
910 2474 949 2536 ab

161 2577 272 2661 injuria
292 2576 452 2640 oblivionis
475 2574 620 2638 affereret.
666 2573 792 2638 Studiofi
815 2589 886 2652 tres,
918 2577 950 2638 in

157 2682 377 2746 sex-volumina
388 2693 506 2765 propter
516 2679 744 2763 amplitudinem
761 2681 864 2744 divisit
881 2680 949 2763 qui-

161 2790 219 2852 bus
241 2800 388 2852 oratorem
414 2788 452 2850 ab
470 2785 659 2849 incunabulis
675 2785 809 2864 instituit,
824 2788 865 2851 r&
885 2807 952 2869 per-

161 2890 244 2957 fecit.
289 2892 388 2958 Dubii
401 2889 543 2954 sermonis
556 2891 626 2955 otilo
640 2890 748 2976 scriplit
760 2891 814 2955 sub
826 2891 953 2957 Nerone
968 2943 972 2950 ,

162 2997 326 3080 novissimis
341 2996 440 3073 anuis,
470 3017 540 3061 cum
562 3017 653 3061 omne
675 2996 838 3063 studiorum
859 3017 953 3084 genua
1080 2996 1084 3004 ’

558 3101 593 3165 Η
