<?xml version="1.0" encoding="UTF-8"?>
<!DOCTYPE html PUBLIC "-//W3C//DTD XHTML 1.0 Transitional//EN"
    "http://www.w3.org/TR/xhtml1/DTD/xhtml1-transitional.dtd">
<html xmlns="http://www.w3.org/1999/xhtml" xml:lang="en" lang="en">
 <head>
  <title>
</title>
<meta http-equiv="Content-Type" content="text/html;charset=utf-8" />
  <meta name='ocr-system' content='tesseract 3.04.00' />
  <meta name='ocr-capabilities' content='ocr_page ocr_carea ocr_par ocr_line ocrx_word'/>
</head>
<body>
  <div class='ocr_page' id='page_1' title='image "./cpliniicciliise01plingoog_0224.png"; bbox 0 0 2317 3767; ppageno 0'>
   <div class='ocr_carea' id='block_1_1' title="bbox 199 251 829 321">
    <p class='ocr_par' dir='ltr' id='par_1_1' title="bbox 199 251 829 321">
     <span class='ocr_line' id='line_1_1' title="bbox 199 251 829 321; baseline -0.008 0"><span class='ocrx_word' id='word_1_1' title='bbox 199 251 261 321; x_wconf 85' lang='lat'>206</span> <span class='ocrx_word' id='word_1_2' title='bbox 367 269 401 317; x_wconf 88' lang='lat' dir='ltr'>c.</span> <span class='ocrx_word' id='word_1_3' title='bbox 427 269 541 316; x_wconf 76' lang='lat' dir='ltr'>reru.</span> <span class='ocrx_word' id='word_1_4' title='bbox 566 270 829 319; x_wconf 74' lang='lat' dir='ltr'>rrrsrocau.</span> 
     </span>
    </p>
   </div>
   <div class='ocr_carea' id='block_1_2' title="bbox 265 529 917 585">
    <p class='ocr_par' dir='ltr' id='par_1_2' title="bbox 265 529 917 585">
     <span class='ocr_line' id='line_1_2' title="bbox 265 529 917 585; baseline 0.002 -4"><span class='ocrx_word' id='word_1_5' title='bbox 265 533 363 582; x_wconf 81' lang='lat' dir='ltr'>xm.</span> <span class='ocrx_word' id='word_1_6' title='bbox 394 534 427 581; x_wconf 76' lang='lat' dir='ltr'>C·</span> <span class='ocrx_word' id='word_1_7' title='bbox 453 529 601 583; x_wconf 67' lang='lat' dir='ltr'>Pilutus</span> <span class='ocrx_word' id='word_1_8' title='bbox 626 537 771 584; x_wconf 76' lang='lat' dir='ltr'>SCAURO</span> <span class='ocrx_word' id='word_1_9' title='bbox 797 537 865 585; x_wconf 86' lang='lat' dir='ltr'>SUO</span> <span class='ocrx_word' id='word_1_10' title='bbox 888 540 917 583; x_wconf 88' lang='lat' dir='ltr'>S.</span> 
     </span>
    </p>
   </div>
   <div class='ocr_carea' id='block_1_3' title="bbox 139 680 1043 2375">
    <p class='ocr_par' dir='ltr' id='par_1_3' title="bbox 139 680 1043 2375">
     <span class='ocr_line' id='line_1_3' title="bbox 194 680 986 813; baseline 0.003 -21"><span class='ocrx_word' id='word_1_11' title='bbox 194 680 489 793; x_wconf 72' lang='lat' dir='ltr'>chwnrunus</span> <span class='ocrx_word' id='word_1_12' title='bbox 516 721 748 805; x_wconf 77' lang='lat' dir='ltr'>oratiunculam,</span> <span class='ocrx_word' id='word_1_13' title='bbox 772 744 864 813; x_wconf 83' lang='lat' dir='ltr'>quarn</span> <span class='ocrx_word' id='word_1_14' title='bbox 885 732 986 813; x_wconf 90' lang='lat' dir='ltr'>publi-</span> 
     </span>
     <span class='ocr_line' id='line_1_4' title="bbox 192 826 984 921; baseline 0.006 -25"><span class='ocrx_word' id='word_1_15' title='bbox 192 840 259 896; x_wconf 81' lang='lat' dir='ltr'>care</span> <span class='ocrx_word' id='word_1_16' title='bbox 272 834 383 916; x_wconf 81' lang='lat' dir='ltr'>cogito,</span> <span class='ocrx_word' id='word_1_17' title='bbox 405 835 549 897; x_wconf 84' lang='lat' dir='ltr'>advocavi</span> <span class='ocrx_word' id='word_1_18' title='bbox 563 826 691 918; x_wconf 88' lang='lat' dir='ltr'>aliquos,</span> <span class='ocrx_word' id='word_1_19' title='bbox 708 847 741 897; x_wconf 90' lang='lat' dir='ltr'>ut</span> <span class='ocrx_word' id='word_1_20' title='bbox 756 856 888 901; x_wconf 82' lang='lat' dir='ltr'>vererer:</span> <span class='ocrx_word' id='word_1_21' title='bbox 909 858 984 921; x_wconf 89' lang='lat' dir='ltr'>pau-</span> 
     </span>
     <span class='ocr_line' id='line_1_5' title="bbox 190 939 993 1026; baseline 0.006 -24"><span class='ocrx_word' id='word_1_22' title='bbox 190 958 253 1014; x_wconf 78' lang='lat' dir='ltr'>cos,</span> <span class='ocrx_word' id='word_1_23' title='bbox 281 950 316 1002; x_wconf 90' lang='lat' dir='ltr'>ut</span> <span class='ocrx_word' id='word_1_24' title='bbox 333 959 447 1003; x_wconf 77' lang='lat' dir='ltr'>¹verum</span> <span class='ocrx_word' id='word_1_25' title='bbox 471 939 619 1003; x_wconf 79' lang='lat' dir='ltr'>audirem.</span> <span class='ocrx_word' id='word_1_26' title='bbox 663 939 750 1007; x_wconf 85' lang='lat' dir='ltr'>Nam</span> <span class='ocrx_word' id='word_1_27' title='bbox 772 941 849 1005; x_wconf 89' lang='lat' dir='ltr'>mihi</span> <span class='ocrx_word' id='word_1_28' title='bbox 874 943 993 1026; x_wconf 14' lang='lat' dir='ltr'>duplex*</span> 
     </span>
     <span class='ocr_line' id='line_1_6' title="bbox 189 1042 981 1123; baseline 0.006 -17"><span class='ocrx_word' id='word_1_29' title='bbox 189 1044 265 1107; x_wconf 85' lang='lat' dir='ltr'>ratio</span> <span class='ocrx_word' id='word_1_30' title='bbox 286 1043 450 1109; x_wconf 83' lang='lat' dir='ltr'>recitandi:</span> <span class='ocrx_word' id='word_1_31' title='bbox 477 1066 550 1123; x_wconf 88' lang='lat' dir='ltr'>una,</span> <span class='ocrx_word' id='word_1_32' title='bbox 576 1058 610 1109; x_wconf 88' lang='lat' dir='ltr'>ut</span> <span class='ocrx_word' id='word_1_33' title='bbox 623 1042 807 1110; x_wconf 83' lang='lat' dir='ltr'>solicitudine</span> <span class='ocrx_word' id='word_1_34' title='bbox 820 1048 981 1112; x_wconf 77' lang='lat' dir='ltr'>incendat:</span> 
     </span>
     <span class='ocr_line' id='line_1_7' title="bbox 190 1150 1043 1236; baseline 0.006 -23"><span class='ocrx_word' id='word_1_35' title='bbox 190 1150 294 1228; x_wconf 81' lang='lat' dir='ltr'>altera,</span> <span class='ocrx_word' id='word_1_36' title='bbox 317 1163 352 1214; x_wconf 90' lang='lat' dir='ltr'>ut</span> <span class='ocrx_word' id='word_1_37' title='bbox 364 1153 539 1228; x_wconf 86' lang='lat' dir='ltr'>admonear,</span> <span class='ocrx_word' id='word_1_38' title='bbox 562 1150 670 1236; x_wconf 75' lang='lat' dir='ltr'>siquid</span> <span class='ocrx_word' id='word_1_39' title='bbox 684 1150 760 1216; x_wconf 87' lang='lat' dir='ltr'>forte</span> <span class='ocrx_word' id='word_1_40' title='bbox 778 1172 840 1228; x_wconf 88' lang='lat' dir='ltr'>me,</span> <span class='ocrx_word' id='word_1_41' title='bbox 860 1165 894 1216; x_wconf 90' lang='lat' dir='ltr'>ut</span> <span class='ocrx_word' id='word_1_42' title='bbox 917 1173 982 1217; x_wconf 90' lang='lat' dir='ltr'>me·</span> <span class='ocrx_word' id='word_1_43' title='bbox 1040 1200 1043 1205; x_wconf 61' lang='grc'><strong><em>«</em></strong></span> 
     </span>
     <span class='ocr_line' id='line_1_8' title="bbox 139 1253 983 1345; baseline 0.008 -27"><span class='ocrx_word' id='word_1_44' title='bbox 139 1276 142 1283; x_wconf 70' lang='grc'><em>’</em></span> <span class='ocrx_word' id='word_1_45' title='bbox 191 1274 257 1332; x_wconf 87' lang='lat' dir='ltr'>um,</span> <span class='ocrx_word' id='word_1_46' title='bbox 283 1253 380 1320; x_wconf 83' lang='lat' dir='ltr'>sallat.</span> <span class='ocrx_word' id='word_1_47' title='bbox 425 1255 505 1321; x_wconf 92' lang='lat' dir='ltr'>Tuli</span> <span class='ocrx_word' id='word_1_48' title='bbox 518 1258 600 1341; x_wconf 90' lang='lat' dir='ltr'>quod</span> <span class='ocrx_word' id='word_1_49' title='bbox 613 1259 769 1342; x_wconf 82' lang='lat' dir='ltr'>petebam:</span> <span class='ocrx_word' id='word_1_50' title='bbox 793 1258 907 1339; x_wconf 87' lang='lat' dir='ltr'>inveni,</span> <span class='ocrx_word' id='word_1_51' title='bbox 930 1261 983 1345; x_wconf 89' lang='lat' dir='ltr'>qui</span> 
     </span>
     <span class='ocr_line' id='line_1_9' title="bbox 188 1359 982 1448; baseline 0.005 -22"><span class='ocrx_word' id='word_1_52' title='bbox 188 1361 267 1426; x_wconf 70' lang='lat' dir='ltr'>milri</span> <span class='ocrx_word' id='word_1_53' title='bbox 287 1363 406 1448; x_wconf 88' lang='lat' dir='ltr'>copiam</span> <span class='ocrx_word' id='word_1_54' title='bbox 418 1362 531 1427; x_wconf 79' lang='lat' dir='ltr'>consilii</span> <span class='ocrx_word' id='word_1_55' title='bbox 546 1361 590 1425; x_wconf 90' lang='lat' dir='ltr'>sui</span> <span class='ocrx_word' id='word_1_56' title='bbox 608 1359 761 1427; x_wconf 68' lang='lat' dir='ltr'>saoerent.v</span> <span class='ocrx_word' id='word_1_57' title='bbox 795 1363 862 1448; x_wconf 89' lang='lat' dir='ltr'>Ipse</span> <span class='ocrx_word' id='word_1_58' title='bbox 875 1380 982 1448; x_wconf 87' lang='lat' dir='ltr'>praete-</span> 
     </span>
     <span class='ocr_line' id='line_1_10' title="bbox 190 1468 983 1554; baseline 0.005 -24"><span class='ocrx_word' id='word_1_59' title='bbox 190 1489 240 1531; x_wconf 84' lang='lat' dir='ltr'>rea</span> <span class='ocrx_word' id='word_1_60' title='bbox 262 1472 402 1554; x_wconf 78' lang='lat' dir='ltr'>quaedam</span> <span class='ocrx_word' id='word_1_61' title='bbox 415 1470 603 1533; x_wconf 79' lang='lat' dir='ltr'>emendanda</span> <span class='ocrx_word' id='word_1_62' title='bbox 616 1468 770 1532; x_wconf 79' lang='lat' dir='ltr'><strong>annotavi.</strong></span> <span class='ocrx_word' id='word_1_63' title='bbox 814 1468 983 1535; x_wconf 82' lang='lat' dir='ltr'>Emendavi</span> 
     </span>
     <span class='ocr_line' id='line_1_11' title="bbox 189 1573 984 1658; baseline 0.004 -21"><span class='ocrx_word' id='word_1_64' title='bbox 189 1573 315 1652; x_wconf 79' lang='lat' dir='ltr'>librum,</span> <span class='ocrx_word' id='word_1_65' title='bbox 339 1594 432 1658; x_wconf 89' lang='lat' dir='ltr'>quem</span> <span class='ocrx_word' id='word_1_66' title='bbox 455 1573 521 1636; x_wconf 87' lang='lat' dir='ltr'>misi</span> <span class='ocrx_word' id='word_1_67' title='bbox 542 1574 609 1637; x_wconf 82' lang='lat' dir='ltr'>tibi.</span> <span class='ocrx_word' id='word_1_68' title='bbox 654 1573 820 1638; x_wconf 84' lang='lat' dir='ltr'>Materiam</span> <span class='ocrx_word' id='word_1_69' title='bbox 835 1597 874 1639; x_wconf 83' lang='lat' dir='ltr'>ex</span> <span class='ocrx_word' id='word_1_70' title='bbox 894 1577 984 1640; x_wconf 84' lang='lat' dir='ltr'>titulo</span> 
     </span>
     <span class='ocr_line' id='line_1_12' title="bbox 188 1678 929 1766; baseline 0.008 -26"><span class='ocrx_word' id='word_1_71' title='bbox 188 1678 354 1763; x_wconf 73' lang='lat' dir='ltr'>cognosces,</span> <span class='ocrx_word' id='word_1_72' title='bbox 378 1691 486 1742; x_wconf 83' lang='lat' dir='ltr'>caetera</span> <span class='ocrx_word' id='word_1_73' title='bbox 507 1679 583 1742; x_wconf 87' lang='lat' dir='ltr'>liber</span> <span class='ocrx_word' id='word_1_74' title='bbox 602 1679 779 1764; x_wconf 82' lang='lat' dir='ltr'>explicabit:</span> <span class='ocrx_word' id='word_1_75' title='bbox 804 1703 894 1766; x_wconf 93' lang='lat' dir='ltr'>quem</span> <span class='ocrx_word' id='word_1_76' title='bbox 914 1683 929 1766; x_wconf 88' lang='lat' dir='ltr'>j</span> 
     </span>
     <span class='ocr_line' id='line_1_13' title="bbox 187 1783 983 1870; baseline 0.006 -23"><span class='ocrx_word' id='word_1_77' title='bbox 187 1804 269 1847; x_wconf 88' lang='lat' dir='ltr'>nunc</span> <span class='ocrx_word' id='word_1_78' title='bbox 280 1796 396 1868; x_wconf 78' lang='lat' dir='ltr'>opmtet</span> <span class='ocrx_word' id='word_1_79' title='bbox 408 1784 451 1847; x_wconf 83' lang='lat' dir='ltr'>ita</span> <span class='ocrx_word' id='word_1_80' title='bbox 463 1783 659 1862; x_wconf 79' lang='lat' dir='ltr'>consuescere,</span> <span class='ocrx_word' id='word_1_81' title='bbox 689 1797 722 1848; x_wconf 90' lang='lat' dir='ltr'>ut</span> <span class='ocrx_word' id='word_1_82' title='bbox 735 1783 795 1848; x_wconf 81' lang='lat' dir='ltr'>stne</span> <span class='ocrx_word' id='word_1_83' title='bbox 808 1785 983 1870; x_wconf 77' lang='lat' dir='ltr'>praefatione</span> 
     </span>
     <span class='ocr_line' id='line_1_14' title="bbox 188 1888 980 1977; baseline 0.004 -25"><span class='ocrx_word' id='word_1_84' title='bbox 188 1889 381 1974; x_wconf 80' lang='lat' dir='ltr'>intelligatur.</span> <span class='ocrx_word' id='word_1_85' title='bbox 415 1888 475 1955; x_wconf 93' lang='lat' dir='ltr'>Tu</span> <span class='ocrx_word' id='word_1_86' title='bbox 489 1888 595 1967; x_wconf 88' lang='lat' dir='ltr'>velim,</span> <span class='ocrx_word' id='word_1_87' title='bbox 611 1893 683 1976; x_wconf 88' lang='lat' dir='ltr'>quid</span> <span class='ocrx_word' id='word_1_88' title='bbox 696 1894 735 1954; x_wconf 90' lang='lat' dir='ltr'>de</span> <span class='ocrx_word' id='word_1_89' title='bbox 746 1891 892 1968; x_wconf 86' lang='lat' dir='ltr'>universo,</span> <span class='ocrx_word' id='word_1_90' title='bbox 908 1894 980 1977; x_wconf 88' lang='lat' dir='ltr'>quid</span> 
     </span>
     <span class='ocr_line' id='line_1_15' title="bbox 187 1994 980 2078; baseline 0.004 -20"><span class='ocrx_word' id='word_1_91' title='bbox 187 1997 225 2058; x_wconf 90' lang='lat' dir='ltr'>de</span> <span class='ocrx_word' id='word_1_92' title='bbox 246 1998 380 2078; x_wconf 80' lang='lat' dir='ltr'>partibus</span> <span class='ocrx_word' id='word_1_93' title='bbox 400 1994 519 2073; x_wconf 83' lang='lat' dir='ltr'>sentias,</span> <span class='ocrx_word' id='word_1_94' title='bbox 545 1995 654 2061; x_wconf 83' lang='lat' dir='ltr'>scribas</span> <span class='ocrx_word' id='word_1_95' title='bbox 679 1997 767 2077; x_wconf 80' lang='lat' dir='ltr'>mihi.</span> <span class='ocrx_word' id='word_1_96' title='bbox 810 1995 877 2061; x_wconf 90' lang='lat' dir='ltr'>Ero.</span> <span class='ocrx_word' id='word_1_97' title='bbox 897 1999 980 2061; x_wconf 88' lang='lat' dir='ltr'>enim</span> 
     </span>
     <span class='ocr_line' id='line_1_16' title="bbox 186 2101 980 2180; baseline 0.008 -17"><span class='ocrx_word' id='word_1_98' title='bbox 186 2101 235 2164; x_wconf 86' lang='lat' dir='ltr'>vel</span> <span class='ocrx_word' id='word_1_99' title='bbox 258 2102 373 2165; x_wconf 55' lang='lat' dir='ltr'>caunfor</span> <span class='ocrx_word' id='word_1_100' title='bbox 399 2102 433 2164; x_wconf 93' lang='lat' dir='ltr'>in</span> <span class='ocrx_word' id='word_1_101' title='bbox 453 2103 647 2180; x_wconf 68' lang='lat' dir='ltr'>metuendo,</span> <span class='ocrx_word' id='word_1_102' title='bbox 673 2104 723 2166; x_wconf 86' lang='lat' dir='ltr'>vel</span> <span class='ocrx_word' id='word_1_103' title='bbox 746 2103 934 2168; x_wconf 87' lang='lat' dir='ltr'>constantior·</span> <span class='ocrx_word' id='word_1_104' title='bbox 947 2105 980 2169; x_wconf 91' lang='lat' dir='ltr'>in</span> 
     </span>
     <span class='ocr_line' id='line_1_17' title="bbox 186 2207 977 2285; baseline 0.009 -16"><span class='ocrx_word' id='word_1_105' title='bbox 186 2207 314 2285; x_wconf 86' lang='lat' dir='ltr'>edendo,</span> <span class='ocrx_word' id='word_1_106' title='bbox 328 2207 349 2270; x_wconf 83' lang='lat' dir='ltr'><strong>fi</strong></span> <span class='ocrx_word' id='word_1_107' title='bbox 364 2207 424 2271; x_wconf 91' lang='lat' dir='ltr'>huc</span> <span class='ocrx_word' id='word_1_108' title='bbox 438 2210 486 2272; x_wconf 86' lang='lat' dir='ltr'>vel</span> <span class='ocrx_word' id='word_1_109' title='bbox 499 2209 571 2272; x_wconf 90' lang='lat' dir='ltr'>illuc</span> <span class='ocrx_word' id='word_1_110' title='bbox 580 2208 808 2283; x_wconf 73' lang='lat' dir='ltr'>auiioritas-tua</span> <span class='ocrx_word' id='word_1_111' title='bbox 818 2211 977 2276; x_wconf 82' lang='lat' dir='ltr'>accesserit.</span> 
     </span>
     <span class='ocr_line' id='line_1_18' title="bbox 190 2308 279 2375; baseline 0.022 -2"><span class='ocrx_word' id='word_1_112' title='bbox 190 2308 279 2375; x_wconf 80' lang='lat' dir='ltr'>Vale.</span> 
     </span>
    </p>
   </div>
   <div class='ocr_carea' id='block_1_4' title="bbox 225 2540 942 2593">
    <p class='ocr_par' dir='ltr' id='par_1_4' title="bbox 225 2540 942 2593">
     <span class='ocr_line' id='line_1_19' title="bbox 225 2540 942 2593; baseline 0.007 -6"><span class='ocrx_word' id='word_1_113' title='bbox 225 2540 304 2589; x_wconf 72' lang='lat' dir='ltr'><strong>XIV·</strong></span> <span class='ocrx_word' id='word_1_114' title='bbox 336 2542 371 2589; x_wconf 79' lang='lat' dir='ltr'>C·</span> <span class='ocrx_word' id='word_1_115' title='bbox 397 2543 544 2590; x_wconf 74' lang='lat' dir='ltr'>mutus</span> <span class='ocrx_word' id='word_1_116' title='bbox 573 2545 793 2593; x_wconf 71' lang='lat' dir='ltr'>vnuuntnno</span> <span class='ocrx_word' id='word_1_117' title='bbox 819 2546 887 2593; x_wconf 80' lang='lat' dir='ltr'>SUO</span> <span class='ocrx_word' id='word_1_118' title='bbox 912 2547 942 2592; x_wconf 78' lang='lat'>8.</span> 
     </span>
    </p>
   </div>
   <div class='ocr_carea' id='block_1_5' title="bbox 185 2689 1138 3033">
    <p class='ocr_par' dir='ltr' id='par_1_5' title="bbox 185 2689 1138 3033">
     <span class='ocr_line' id='line_1_20' title="bbox 189 2689 1138 2823; baseline 0 -21"><span class='ocrx_word' id='word_1_119' title='bbox 189 2689 264 2802; x_wconf 75' lang='lat' dir='ltr'>Er</span> <span class='ocrx_word' id='word_1_120' title='bbox 287 2748 321 2800; x_wconf 89' lang='lat' dir='ltr'>tu</span> <span class='ocrx_word' id='word_1_121' title='bbox 334 2757 432 2821; x_wconf 81' lang='lat' dir='ltr'>rogas,</span> <span class='ocrx_word' id='word_1_122' title='bbox 447 2739 544 2822; x_wconf 84' lang='lat' dir='ltr'>&amp;ego</span> <span class='ocrx_word' id='word_1_123' title='bbox 557 2737 689 2822; x_wconf 84' lang='lat' dir='ltr'>promifi,</span> <span class='ocrx_word' id='word_1_124' title='bbox 704 2738 874 2822; x_wconf 78' lang='lat' dir='ltr'>irrogasses,</span> <span class='ocrx_word' id='word_1_125' title='bbox 889 2689 980 2823; x_wconf 56' lang='lat' dir='ltr'>scripss</span> <span class='ocrx_word' id='word_1_126' title='bbox 1112 2774 1115 2778; x_wconf 92' lang='lat'>·</span> <span class='ocrx_word' id='word_1_127' title='bbox 1134 2786 1138 2793; x_wconf 81' lang='grc'>.</span> 
     </span>
     <span class='ocr_line' id='line_1_21' title="bbox 185 2843 977 2928; baseline 0 -22"><span class='ocrx_word' id='word_1_128' title='bbox 185 2856 288 2906; x_wconf 89' lang='lat' dir='ltr'>turum</span> <span class='ocrx_word' id='word_1_129' title='bbox 301 2864 353 2906; x_wconf 91' lang='lat' dir='ltr'>me</span> <span class='ocrx_word' id='word_1_130' title='bbox 366 2844 434 2921; x_wconf 89' lang='lat' dir='ltr'>tibi,</span> <span class='ocrx_word' id='word_1_131' title='bbox 456 2864 548 2928; x_wconf 89' lang='lat' dir='ltr'>quem</span> <span class='ocrx_word' id='word_1_132' title='bbox 561 2844 708 2909; x_wconf 78' lang='lat' dir='ltr'>habuisset</span> <span class='ocrx_word' id='word_1_133' title='bbox 720 2858 863 2908; x_wconf 90' lang='lat' dir='ltr'>eventum</span> <span class='ocrx_word' id='word_1_134' title='bbox 876 2843 977 2928; x_wconf 83' lang='lat' dir='ltr'>posiu-</span> 
     </span>
     <span class='ocr_line' id='line_1_22' title="bbox 185 2947 973 3033; baseline 0.005 -24"><span class='ocrx_word' id='word_1_135' title='bbox 185 2948 257 3013; x_wconf 87' lang='lat' dir='ltr'>latio</span> <span class='ocrx_word' id='word_1_136' title='bbox 279 2947 411 3033; x_wconf 77' lang='lat' dir='ltr'>Nepotis</span> <span class='ocrx_word' id='word_1_137' title='bbox 432 2949 510 3013; x_wconf 87' lang='lat' dir='ltr'>circa</span> <span class='ocrx_word' id='word_1_138' title='bbox 537 2948 732 3021; x_wconf 85' lang='lat' dir='ltr'>Thuscillum</span> <span class='ocrx_word' id='word_1_139' title='bbox 757 2948 973 3015; x_wconf 87' lang='lat' dir='ltr'>Nominatum.</span> 
     </span>
    </p>
   </div>
   <div class='ocr_carea' id='block_1_6' title="bbox 0 0 1164 3767">
    <p class='ocr_par' dir='ltr' id='par_1_6' title="bbox 0 0 1164 3767">
     <span class='ocr_line' id='line_1_23' title="bbox 0 0 1164 3767; baseline 0 4"><span class='ocrx_word' id='word_1_140' title='bbox 0 0 1164 3767; x_wconf 95' lang='lat' dir='ltr'> </span> 
     </span>
    </p>
   </div>
  </div>
 </body>
</html>
