2317 3767
420 287 693 338 trorum.
774 296 776 301 ¹
893 286 957 355 473

284 555 363 630 ’evo
394 558 429 605 C·
447 559 593 605 PLINIUS
615 559 672 603 TR.
691 557 776 604 ΠΩ.
800 556 829 603 8.

167 707 396 828 Vitiorum,
413 749 560 830 Domine,
575 751 731 827 Paulinus,
743 753 866 834 excepto
882 768 955 826 uno,

161 857 213 942 jus
229 854 409 921 Latinorum
432 856 552 920 suorum
574 858 650 921 mihi
673 855 808 940 reliquit:
836 873 874 917 ex
888 854 955 937 qui-

167 963 223 1025 bus
256 980 329 1044 rogo
353 960 449 1024 tribus
477 962 598 1026 interim
618 964 671 1048 jus
699 959 868 1046 Quirititon
890 961 953 1022 des.

167 1064 282 1128 Vereor
297 1066 379 1128 enim
399 1086 437 1128 ne
458 1067 493 1132 fit
514 1068 712 1131 immodicum
735 1081 791 1149 'pro
814 1065 955 1129 omnibus

163 1172 273 1255 pariter
291 1172 429 1234 invocare
447 1172 664 1254 indulgentiam
677 1186 773 1247 tuam,
787 1191 848 1253 qua
860 1171 955 1233 debeo

163 1286 248 1341 tanto
259 1276 421 1340 modestius
435 1277 490 1353 uti,
503 1290 616 1361 quanto
628 1277 792 1361 pleniorem
806 1276 952 1359 experior.

164 1378 240 1444 Sunt
253 1393 354 1443 autem
368 1403 423 1464 pro
435 1383 543 1465 quibus
553 1394 634 1465 peto,
650 1380 692 1446 C.
711 1379 951 1444 ValeriusAEsti-

162 1507 237 1563 reus,
249 1485 291 1552 C.
309 1484 449 1550 Valerius
461 1486 636 1572 Dionyfius‚
649 1486 691 1551 C.
704 1484 843 1549 Valerius
856 1484 950 1568 Aper.

295 1717 378 1763 CVI·
424 1717 614 1770 TRAJANUS
637 1715 762 1761 mmo
787 1717 816 1761 8.

161 1859 216 1979 C
222 1927 275 1972 unt
289 1906 485 1971 honestiiiime
501 1907 548 1985 iis,
568 1907 620 1992 qui
641 1909 719 1992 apud
729 1908 821 1971 fidem
835 1921 918 1973 tuam
932 1909 950 1974 it

161 2012 284 2078 Valerio
301 2013 431 2077 Paulino
451 2012 572 2098 depositi
591 2014 670 2090 suot,
694 2010 862 2077 consultum
875 2015 950 2079 velis

159 2133 276 2183 mature
289 2141 342 2205 per
365 2140 426 2195 me,
452 2120 488 2183 iio
511 2119 646 2195 interim,
671 2119 781 2204 quibos
800 2138 882 2183 nune
896 2142 950 2205 pe-
997 2182 999 2187 ⁴

158 2221 227 2303 titii,
244 2237 278 2288 ut
290 2224 362 2288 scias
381 2224 491 2288 dediffe
512 2245 562 2288 me
570 2224 623 2309 jus
643 2223 824 2309 Quiritium,
847 2222 950 2290 referri

160 2330 192 2392 in
218 2331 448 2393 commentarios
463 2330 646 2415 meosjuffl:
668 2331 749 2394 idem
762 2328 896 2396 facturus
916 2332 949 2394 in

158 2432 285 2508 caeteris,
306 2454 360 2516 pro
380 2435 489 2519 quibus
504 2435 634 2519 petieris.

169 2630 174 2647 ’
273 2640 370 2706 cvrr'.
402 2661 435 2706 c.
461 2662 608 2708 rennos
633 2664 691 2710 rr.
710 2664 792 2709 tm.
812 2663 841 2709 s.
939 2669 944 2681 ·

157 2802 362 2917 Roonrus
380 2852 514 2919 Domine
535 2854 553 2919 i
575 2854 612 2920 P.
625 2853 720 2919 Accio
732 2852 857 2940 Aquila,
876 2875 947 2920 cen·

154 2956 271 3023 curione
298 2959 428 3024 cohortis
448 2956 537 3025 sextae
563 2960 717 3046 equestris,
741 2972 775 3024 ut
796 2961 946 3027 mitterem
