2317 3767
231 282 272 369 76
393 301 426 350 c.
457 303 572 350 euin.
601 298 867 350 unisnonnu.

218 443 340 524 ovium,
356 446 452 509 multa
465 443 507 508 ibi
518 466 675 530 equorum,
691 447 843 528 boumque
857 441 1011 510 armentat¹

224 557 292 634 quae
311 550 463 613 montibus
482 551 590 634 hyeme
605 549 734 634 depulsa,
754 550 898 614 herbis&
912 565 1016 635 tepore

223 677 315 718 verno
324 654 481 718 nitescunt.
521 654 604 717 Villa
614 656 712 718 ufibus
722 675 826 738 capax,
839 676 900 718 non
911 649 1015 738 sump-

223 759 306 825 tuosa
316 762 419 823 tutela.
454 759 552 845 Cujus
561 760 593 821 in
603 760 700 843 prima
710 772 790 843 parte
801 761 910 823 atrium
921 757 1014 842 frugi,

224 887 278 929 nec
292 879 393 929 tamen
406 865 574 928 sordidum:
598 865 704 926 deinde
722 857 852 948 porticus
872 867 904 926 in
926 862 959 929 Ο
974 866 1014 929 li·

223 985 295 1035 terae
307 971 530 1034 fimilitudinem
541 970 740 1045 circumadlae,
756 970 865 1052 quibus
875 970 1013 1052 parvula,

223 1075 272 1139 sed
293 1074 396 1138 festiva
417 1095 485 1137 area
507 1075 686 1137 includiturz
716 1074 866 1156 egregium
888 1074 937 1135 hae
958 1076 1014 1138 ad-

224 1180 342 1244 versum
360 1179 544 1264 tempestates
567 1179 803 1261 receptaculum:
826 1199 897 1240 nam
910 1176 1014 1261 specu-

224 1289 348 1364 laribus,
371 1305 406 1350 ae
430 1285 651 1367 multomagis
677 1283 902 1346 imminentibus
927 1282 1014 1345 tediis

225 1394 413 1458 muniuntur.
459 1389 510 1454 Est
523 1403 627 1452 contra
642 1390 754 1452 medias
776 1389 942 1451 cavaedium
964 1389 1014 1451 hi·
1110 1427 1113 1434 -

224 1500 302 1562 lare:
326 1518 399 1560 mox
417 1495 581 1557 triclinium
603 1493 670 1556 satis
692 1494 864 1577 pulchrum,
886 1496 966 1577 quod
981 1494 1014 1555 in

223 1605 294 1666 litus
313 1600 441 1664 excurrit
453 1622 462 1675 ς
485 1619 520 1660 ac
533 1597 675 1680 siquando
688 1595 795 1661 Africo
808 1619 890 1661 mare
900 1593 1013 1682 impul·

224 1695 294 1771 sum
303 1705 353 1780 est,
376 1701 478 1766 fractis
488 1703 566 1786 jam,
583 1704 613 1765 &
628 1703 790 1767 noviffnnis
808 1703 951 1766 fludlibus·
968 1705 1013 1766 le·

223 1811 300 1873 viter
319 1791 459 1872 adluitur.
505 1808 649 1891 Undique
663 1809 777 1883 valvas,
803 1820 854 1870 aut
872 1805 1012 1875 fenestras

223 1923 285 1978 nun
299 1915 427 1980 minores
439 1913 535 1975 valvis
546 1914 654 1975 habet:
678 1925 765 1996 atque
776 1913 818 1974 ita
829 1913 846 1976 fa
857 1907 1010 1991 lateribus,

223 2016 353 2083 {fronte
366 2019 446 2103 quasi
468 2019 525 2080 tria
547 2018 642 2080 maria
662 2016 834 2100 prospedlat.
881 2016 910 2081 A
930 2030 1013 2102 tergo

157 2123 159 2126 ’
223 2124 400 2198 cuvaedium,
416 2123 574 2205 porticum,
591 2142 710 2184 aream:
733 2123 880 2205 porticum
901 2122 1012 2201 rursus,

224 2250 296 2292 mox
306 2229 427 2303 atrium,
440 2226 547 2311 sylvas,
562 2228 593 2290 δι
607 2227 784 2310 longInquos
798 2225 912 2311 respicit
923 2249 1012 2294 mon·

223 2346 278 2395 tes.
323 2332 426 2417 Hujus
442 2335 459 2396 b
473 2334 549 2394 laeva
563 2332 717 2394 retradlius
731 2332 820 2414 paulo
839 2334 1012 2410 cubiculum

224 2436 265 2500 est
278 2425 431 2521 amplum:
454 2438 561 2500 deinde
581 2438 663 2499 aliud
683 2437 795 2512 minus,
819 2439 899 2520 quod
920 2440 1012 2503 altera

224 2529 349 2607 fenestrn
373 2544 504 2607 admittit
529 2544 685 2619 orientem,
712 2537 896 2606 decidentem
921 2546 1013 2608 altera

224 2648 341 2712 retinet:
385 2649 463 2713 Haec
481 2648 682 2734 &subjacens
705 2669 786 2712 mare
804 2649 922 2733 longius
944 2652 1012 2735 qui-

224 2756 305 2830 dem,
331 2754 380 2818 sed
405 2753 532 2817 securius
554 2756 696 2817 intuetur.
741 2754 844 2838 Hujus
868 2756 1011 2833 cubiculi,

224 2860 255 2923 δι
282 2858 403 2921 triclinii
431 2858 511 2921 illius
536 2858 655 2942 objectu
682 2859 845 2922 includitur
872 2862 1011 2943 angium,

225 2961 570 3050 quipuriffimumiolem
580 2963 917 3042 'continebbcaccendin
940 2962 1013 3031 Hoc
