2317 3767
409 289 602 340 arara
648 290 719 339 111.
903 292 961 363 ¹¹5

165 450 251 496 rem:
286 430 335 498 sed
358 446 393 498 ut
417 454 488 499 meo
505 436 613 512 amori,
640 455 711 499 meo
728 432 825 500 dolori
844 432 961 500 satissa-

166 557 277 601 cerem.
324 540 457 617 Deinde,
477 540 548 626 quia
569 554 599 603 te
622 539 783 626 Spurinna,
811 560 884 606 cum
905 561 960 606 λιιι

165 643 253 707 disses
273 641 406 708 recitasse
429 665 481 708 me
500 649 547 731 (ut
567 645 644 710 mihi
666 645 726 731 ipse
751 643 861 725 dixisti)
886 646 960 732 quid

124 789 128 795 -
164 750 341 827 recitassem,
367 751 455 814 srmul
477 750 589 815 audisse
601 753 769 815 credebam.
814 750 961 817 Praeterea

165 854 277 919 veritus
290 855 357 920 sum
375 875 481 919 nevos
500 853 579 919 sestis
604 854 709 920 diebus
730 852 957 934 confunderem,

163 960 186 1021 fi
209 958 242 1022 in
264 959 442 1025 memoriam
461 955 746 1046 gravissimi'lucius
766 961 956 1027 reduxissem.

164 1062 262 1129 Nunc
291 1087 409 1151 quoque
435 1065 580 1151 paulisper
607 1066 750 1143 haefitavi,
788 1067 820 1129 id
848 1065 958 1145 solum,

163 1165 246 1254 quod
260 1172 393 1249 recitavi,
419 1172 570 1235 mitterem
593 1172 779 1254 exigentibus
795 1169 895 1250 vobit,
920 1191 960 1236 an
1087 1221 1091 1230 .

164 1274 339 1360 adjicerem,
362 1298 430 1361 quae
443 1274 476 1341 in
490 1276 572 1340 aliud
591 1277 736 1340 volumen
750 1276 848 1358 cogito
869 1276 960 1341 refer·

164 1384 255 1444 vare?
281 1378 392 1467 Neque
414 1382 497 1445 enim
511 1380 670 1446 affectibus
692 1380 769 1443 meis
783 1401 846 1444 uno
856 1382 960 1448 libello

164 1487 366 1551 charissimam
394 1487 471 1552 mihi
493 1485 756 1552 &sanctissinum
779 1486 958 1556 memoriam

165 1592 300 1676 prosequi
317 1593 458 1658 satisest:
485 1594 572 1680 cujus
594 1590 687 1657 famae
708 1593 799 1656 latiur
824 1589 958 1657 consule.

166 1710 229 1774 tur,
248 1697 270 1759 st
282 1697 444 1783 dispensata
456 1701 487 1765 ἃ
501 1696 610 1782 digesta
623 1698 723 1764 suerit.
761 1697 879 1763 Verum
892 1698 958 1762 hae-

164 1802 264 1867 fitanti
282 1804 369 1882 mihi,
394 1806 509 1883 omnia,
523 1806 666 1891 quae-jam
680 1803 843 1890 composui,
872 1806 958 1871 vobit

161 1911 347 1989 exhiberem,
370 1934 409 1975 an
423 1914 521 1975 adhuc
535 1913 636 1995 aliqua
649 1908 820 1990 differrem3
843 1911 956 1996 simpli·

162 2016 228 2079 cius
252 2019 283 2081 δι
308 2016 433 2081 amicius
456 2016 553 2081 visum
575 2016 629 2093 est,
654 2017 779 2081 omniae
809 2017 956 2104 praecipue

161 2143 233 2186 cum
256 2120 411 2185 affirmetis
425 2124 502 2185 intra
525 2145 579 2186 vos
599 2121 712 2202 sutura,
738 2125 831 2187 donec
844 2124 957 2207 placeat

163 2231 310 2292 emittere.
354 2228 449 2314 Quod
471 2228 609 2312 superest,
630 2251 713 2313 rogo,
744 2242 779 2293 ut
801 2228 864 2314 pan*
885 2227 955 2292 sirn-

163 2334 305 2418 plicitate,
328 2333 410 2417 fiqua
423 2334 627 2398 existimabitis
646 2336 794 2413 addenda,
816 2353 955 2398 commu-

164 2441 265 2517 tanda,
292 2441 457 2504 omittenda
477 2441 623 2505 indicetis.
669 2440 753 2504 Mihi
779 2439 898 2505 difficile
913 2438 954 2505 esi

162 2544 312 2629 hucusque
325 2546 476 2609 intendere
488 2548 626 2610 animum
638 2546 669 2610 in
680 2548 799 2612 dolore:
820 2545 953 2622 difficile,

162 2650 210 2736 s&
225 2645 341 2733 vobin]
385 2651 441 2715 Sed
457 2663 559 2715 tamen
581 2664 616 2716 ut
629 2651 817 2737 sculptorem,
843 2665 878 2715 ut
890 2650 954 2734 pie·

162 2769 269 2834 torem,
292 2756 346 2840 qui
359 2755 414 2819 filii
428 2757 514 2821 vestri
529 2759 692 2841 imaginem
703 2756 824 2834 taceret,
846 2757 953 2819 admo*

161 2862 279 2938 heretis,
300 2860 373 2945 quid
395 2864 572 2947 exprimere,
594 2858 668 2950 quid
683 2864 850 2954 emendare
863 2859 953 2923 debe·

161 2981 227 3031 rete
250 2969 293 3031 ita
314 2961 364 3032 me
381 2990 506 3057 quoque
529 2965 670 3048 formate,
696 2969 801 3052 regite,
824 2967 952 3052 quinon

537 3072 552 3138 1
576 3093 596 3140 a
