2317 3767
222 258 286 341 406
384 282 418 329 c.
449 285 849 333 rnru.er1sronnu.

224 424 359 506 precibus
384 423 548 501 indulseris,
575 437 677 497 tamen
702 429 793 490 etiam
818 450 856 491 ex
878 427 1018 514 rescripto

224 529 368 610 intellig0‚
385 529 526 592 libentius
541 532 599 594 hoe
612 533 638 595 ei
650 547 680 595 te
693 533 864 616 praestitiffe‚
879 536 951 618 quia
961 557 1019 618 pro

223 654 273 695 me
294 637 426 716 rogabat.
472 635 587 699 Videor
605 658 675 719 ergo
697 636 846 723 summam
865 641 930 702 voti
954 641 1019 704 mei

224 736 406 815 consecutus,
432 760 504 802 curn
527 741 604 805 inter
625 742 710 805 initia
729 740 885 807 feliciffimi
905 746 1018 829 princi·

223 854 308 926 patus
330 845 386 919 tui,
409 847 578 928 probaveris
598 869 648 908 me
668 849 705 908 ad
720 849 899 930 peculiarem
913 851 1015 913 indul-

222 949 352 1030 gentiam
374 961 458 1012 tuam
478 952 642 1034 pertinere:
670 974 763 1035 eoque
785 954 880 1036 magis
905 954 1016 1018 liberos

224 1053 417 1137 concupiseo‚·
434 1076 508 1138 quos
530 1056 641 1118 habere
664 1058 756 1129 etiam
783 1059 836 1121 iilo
857 1059 1017 1123 tristiffuno

228 1158 326 1223 seculo
345 1161 438 1237 volui,
465 1161 535 1225 ficut
558 1175 641 1245 potes
666 1165 783 1226 duobus
815 1164 1015 1243 matrimoniis

223 1267 298 1328 meis
312 1268 449 1328 crederet
472 1265 520 1328 sed
541 1268 597 1332 Dii
612 1269 730 1343 melius,
753 1270 804 1350 qui
819 1270 921 1330 omnia
935 1269 1014 1331 inte-

223 1391 275 1453 gra
297 1371 422 1433 bonitati
445 1383 505 1433 tuae
526 1371 720 1435 reservarunt.
765 1372 867 1434 Malui
882 1373 939 1434 hoc
957 1394 1013 1455 po-

221 1478 280 1538 tius
294 1490 426 1560 tempore
441 1498 490 1540 me
500 1490 615 1560 patrem
627 1477 702 1553 fieri,
719 1497 779 1560 quo
794 1473 911 1539 futurus
922 1458 1013 1539 effern'

222 1583 252 1645 δι
266 1580 382 1645 securus
396 1583 427 1646 δι
445 1579 528 1644 felix.

343 1814 412 1858 111.
438 1812 470 1857 e.
496 1812 643 1857 emulus
668 1814 727 1858 arr.
757 1814 837 1857 rmr.
864 1814 892 1858 s,
973 1832 978 1839 ‚

223 1955 497 2068 Innurouurrn·
509 2018 571 2081 tua,
598 2004 678 2088 Imp.
695 2004 818 2088 optime,
840 2024 932 2089 quam
946 2005 1011 2087 ple-

221 2107 367 2170 niffimam
382 2111 527 2192 experior,
549 2112 687 2187 hortatur
698 2131 747 2172 me
761 2121 795 2171 ut
814 2111 939 2171 audeam
955 2109 1013 2179 tibi

221 2213 310 2275 etiam
327 2234 381 2295 pro
403 2214 507 2276 amicis
531 2216 667 2297 obligari,
695 2215 771 2276 inter
785 2235 859 2297 quos
884 2213 936 2276 fibi
961 2214 1011 2275 vel

220 2318 402 2401 praecipuum
416 2319 517 2393 locum
528 2319 658 2381 vindicat
670 2319 824 2381 Voconius
838 2318 1009 2393 Romanus,

220 2425 258 2484 ab
273 2424 393 2485 ineunte
417 2434 502 2484 aetate
517 2422 771 2506 condiscipulus&
791 2423 1011 2487 contubernalis

221 2549 317 2603 meus,
338 2529 445 2610 quibus
461 2548 498 2590 ex
512 2528 601 2590 causrs
616 2530 646 2592 δι
662 2531 680 2591 a
695 2529 781 2591 Divo
794 2542 876 2611 patre
890 2541 942 2589 tuo
956 2549 1008 2608 pe-

221 2635 339 2708 tieram,
363 2647 397 2695 ut
412 2633 498 2695 illum
512 2632 771 2717 inampliffimum
785 2633 920 2695 ordinem
940 2652 1009 2714 pro·
1089 2654 1091 2657 ’

220 2750 364 2813 moveret,
393 2737 441 2801 sed
463 2739 520 2800 hoc
541 2752 645 2801 votum
671 2759 773 2801 meum
799 2727 925 2799 bonitati
949 2748 1011 2798 tuae

219 2843 399 2906 reservatum
417 2843 468 2919 est,
495 2845 566 2927 quia
586 2855 681 2905 mater
694 2843 826 2906 Romani
849 2840 1009 2905 liberalita-

219 2961 281 3013 tem
295 2947 421 3011 testoni
445 2949 694 3032 quadringenties,
725 2949 805 3031 quod
824 2943 957 3009 conferre
980 2944 1011 3008 se
