2317 3767
432 291 624 336 atone
669 292 744 338 vn.
913 290 974 359 275

185 434 306 499 Intendi
330 433 478 510 animum,
497 446 659 517 contraque
680 433 853 518 opinionem
872 454 973 499 meam

178 541 244 626 poti
268 543 390 624 longam
417 539 654 617 desuetudinem,
687 561 831 625 perquam
865 541 974 625 exiguo

180 646 323 730 temporis
337 660 503 721 momento,
529 643 656 728 idipsum
676 648 756 730 quod
778 666 829 709 me
847 648 884 709 ud
902 646 973 713 scti-

179 753 313 816 bendum
327 751 533 828 solicitaverat,
548 751 597 813 his
609 751 740 814 versibus
749 750 879 828 exaravi,

179 890 183 897 ·
201 861 271 923 Cum
286 857 371 922 libros
381 856 463 921 Galli
472 858 601 940 legerem,
616 855 717 941 quibus
730 856 776 920 illc
785 856 903 943 parenti
923 930 926 935 ,

185 996 187 1001 ·
201 962 296 1050 Ausus
310 966 344 1025 de
361 962 493 1027 Cicerone
504 963 574 1025 dore
583 964 760 1048 palmamque
780 962 924 1048 decusque,

203 1069 358 1155 Lascivum
374 1067 472 1132 inveni
484 1067 575 1154 lusum
588 1068 742 1144 Ciceronis,
760 1071 795 1134 ὅ*
809 1068 856 1132 isle

87 1167 92 1178 ⁸
201 1174 387 1260 Spettandum
401 1173 522 1258 ingenio,
534 1197 587 1258 quo
591 1173 675 1258 seria
689 1173 824 1249 condidit,
851 1176 886 1239 &l
898 1197 950 1259 quo

200 1280 347 1345 Humanis
351 1280 466 1366 salibus
481 1282 578 1356 multo,
595 1280 731 1363 varioque
746 1282 835 1365 lepore

199 1387 375 1471 Magnorum
385 1385 500 1473 ostendit
512 1398 614 1448 mentes
624 1387 748 1468 gaudere
761 1384 903 1447 virorum.

197 1491 277 1556 Nam
307 1493 448 1577 queritur,
473 1492 548 1575 qued
569 1492 682 1576 fraude
703 1492 778 1553 mala
804 1491 968 1577 frustratus

280 1612 417 1662 amantem

200 1702 331 1775 Paucula
344 1701 518 1788 eoenatosthi
527 1702 734 1789 debitasuavia
750 1702 822 1788 Tyro

199 1809 332 1894 Tempore
344 1818 476 1873 notturno
484 1809 679 1896 subtraxerit.
724 1809 784 1873 His
798 1832 845 1892 ego
854 1808 943 1883 settis,

176 1943 183 1950 ·
199 1916 324 2001 Curpost
337 1915 407 1992 haec,
422 1915 548 2000 inquam,
564 1916 667 2002 nostros
677 1916 796 1979 celamus
809 1916 946 1979 amores?

176 2018 370 2106 ¹Nullamque
399 2021 430 2084 in
460 2021 580 2085 medium
608 2021 704 2084 timidi
730 2023 855 2085 damus?
882 2035 965 2106 atque

269 2128 404 2212 fatemur
900 2108 902 2113 .

194 2231 363 2318 Tyronisque
373 2235 457 2309 doles,
475 2232 594 2318 siconis
603 2233 671 2320 nff
677 2234 800 2318 fugaces

180 2363 184 2372 ·
197 2338 370 2415 Blanditias,
391 2340 520 2424 &furta
543 2362 630 2403 novas
643 2340 776 2403 addentia
780 2341 943 2428 flammas?

174 2440 294 2506 Transii
309 2447 347 2506 ad
360 2445 470 2528 elegos,
492 2445 548 2508 hos
566 2466 684 2529 quoque
699 2467 760 2510 non
774 2446 874 2509 minue
884 2447 961 2509 cele·

173 2548 243 2611 riter
257 2549 403 2632 explicui:
425 2550 525 2613 addidi
542 2551 617 2613 alios
631 2547 771 2614 facilitate
784 2564 958 2636 corruptos:
1035 2543 1042 2553 ’

170 2656 278 2718 deinde
292 2655 324 2716 in
338 2657 444 2718 urbem
458 2656 602 2733 reversus,
625 2655 772 2721 sodalibus
786 2658 859 2740 legi.
888 2655 962 2720 Pto·

168 2761 326 2823 naverunt.
373 2762 493 2825 Deinde
518 2762 604 2847 plura
622 2775 729 2838 metra,
752 2761 773 2823 fi
797 2762 871 2845 quid
894 2762 960 2838 otii,
1025 2823 1030 2835 ,

171 2868 303 2930 maxime
330 2868 362 2930 in
385 2867 489 2929 itinere
503 2868 628 2931 tentavi.
673 2867 824 2931 Postremo
836 2866 958 2951 placuit,

171 2976 309 3057 exemplo
329 2974 494 3036 multorum
514 2995 609 3037 unum
634 2972 790 3057 separatim
813 2973 959 3037 hendeca—

493 3076 563 3143 Ta
