2317 3767
214 292 276 373 ψ
384 305 419 353 e.
442 293 556 352 nutu.
583 296 853 353 reuertitur.

213 466 305 531 quam
319 446 414 511 volui.
459 446 511 511 Est
524 448 607 511 enirn
621 450 760 531 quaedam
775 447 867 511 etiam
889 447 1013 511 dolendi

213 553 368 636 voluptas.
396 551 557 638 praesertim
586 547 659 616 nin
682 555 770 617 amici
795 553 860 616 sunu
886 552 1011 630 defleas,

213 659 292 741 apud
312 680 404 742 quem
428 659 568 743 lacrymis
594 659 655 722 tuis
677 660 726 723 vel
748 660 814 721 laus
842 658 876 720 fit
896 670 1010 742 parata,

214 765 263 826 vel
286 764 383 827 venia
431 756 520 826 Vale

287 984 382 1038 xv11.
408 990 884 1039 c.ru1u1us‘uncmnosuo
908 992 938 1037 S·

217 1135 329 1250 Nun
352 1183 414 1248 istic
435 1203 554 1269 quoque
578 1178 696 1246 immite
717 1184 749 1246 ἃ
772 1183 926 1247 turbidum
944 1201 1010 1248 nt·

213 1289 299 1352 lum?
330 1289 382 1352 htc
397 1289 517 1354 affiduae
540 1288 740 1373 tempestates,'
759 1291 791 1353 ἃ
811 1291 915 1352 crebra
927 1292 1011 1353 diiur

213 1394 275 1457 via.
318 1395 443 1460 Tiberis
467 1396 589 1458 alveum
602 1394 731 1473 exceflit,
749 1396 780 1459 δι
794 1390 1010 1458 demiffioribus

213 1500 284 1584 ripis
322 1501 382 1564 alte
415 1498 646 1584 superfunditur.
705 1501 891 1585 Quanquam
921 1497 1008 1577 foffa,

214 1622 309 1689 quam
328 1604 613 1689 ,providentiffim'us
643 1605 810 1691 Imperator
838 1603 921 1682 fecit,
953 1626 1009 1668 exe

211 1711 346 1787 haustus,
377 1710 486 1796 premit
511 1712 620 1788 valles,
641 1712 756 1775 innatat
775 1710 906 1796 campis:
933 1725 1009 1795 quaa

213 1833 272 1900 que
296 1817 421 1900 planum
450 1816 558 1894 solum,
594 1838 648 1902 pro
667 1815 730 1882 folo
752 1815 900 1883 cemiturz
925 1815 1006 1896 inde,

207 1942 281 2005 ‘quae
303 1921 376 1986 solet
401 1917 527 1987 flumina
542 1924 685 2007 accipere,
708 1923 893 2007 &permista
916 1926 1007 1986 deve-

198 2028 295 2102 bere,
325 2027 408 2091 velut
427 2029 534 2092 obvius
548 2040 627 2092 retro
641 2030 746 2112 cogit3
771 2042 863 2113 'atque
887 2030 930 2092 ita
949 2024 1007 2091 ali-

213 2133 280 2195 enis
302 2134 387 2216 aquis
400 2132 496 2217 operit
517 2154 614 2217 agros,
630 2156 705 2219 quos
729 2134 789 2219 ipse
813 2156 874 2198 non
900 2134 1005 2218 tangit·

212 2238 306 2315 Anio,
321 2237 702 2317 delicatiffimus‘amnium,
724 2242 850 2325 ideoque
864 2241 1006 2324 adjacen-

212 2345 293 2408 tibus
307 2343 387 2407 villis
410 2345 492 2408 velut
516 2344 658 2410 invitatus
679 2345 876 2429 retentusque,
898 2364 1008 2427 magna

209 2468 251 2514 ‘ex
264 2462 345 2534 parte
359 2470 493 2528 nemora,
515 2452 625 2535 quibus
647 2452 845 2527 inumbratur,
868 2451 900 2513 ἃ
919 2446 1007 2533 fregit

210 2556 244 2619 ἃ
267 2555 375 2639 rapuit.
430 2556 552 2620 Subruit
572 2569 702 2635 montes,
738 2558 770 2621 δε
806 2556 1006 2619 decidentium

173 2645 176 2650 ’
213 2661 293 2725 mole
315 2661 449 2744 pluribus
466 2663 539 2726 locis
558 2660 685 2740 clausus,
708 2666 783 2726 dum
796 2661 936 2725 amilium
950 2662 1007 2725 iter

212 2766 329 2850 quierit,
343 2766 464 2851 impulit
477 2769 566 2844 testu,
587 2789 622 2831 ac
646 2766 675 2830 ie
696 2767 781 2852 super
793 2766 895 2830 ruinas
908 2768 1008 2830 evexit

206 2884 302 2956 'atque
317 2873 436 2936 extulit.
482 2867 633 2936 Viderunt
647 2873 692 2950 hi,
711 2892 787 2958 quos
800 2870 1007 2936 excellioribtu

213 2977 298 3041 terris
313 2977 366 3051 ilia
380 2977 535 3062 tempestas
549 2999 611 3043 non
624 2979 819 3064 deprehendit
832 3003 852 3042 ι
864 2976 936 3041 alibi
955 2978 1005 3041 dil
