<?xml version="1.0" encoding="UTF-8"?>
<!DOCTYPE html PUBLIC "-//W3C//DTD XHTML 1.0 Transitional//EN"
    "http://www.w3.org/TR/xhtml1/DTD/xhtml1-transitional.dtd">
<html xmlns="http://www.w3.org/1999/xhtml" xml:lang="en" lang="en">
 <head>
  <title>
</title>
<meta http-equiv="Content-Type" content="text/html;charset=utf-8" />
  <meta name='ocr-system' content='tesseract 3.04.00' />
  <meta name='ocr-capabilities' content='ocr_page ocr_carea ocr_par ocr_line ocrx_word'/>
</head>
<body>
  <div class='ocr_page' id='page_1' title='image "./cpliniicciliise01plingoog_0357.png"; bbox 0 0 2317 3767; ppageno 0'>
   <div class='ocr_carea' id='block_1_1' title="bbox 327 293 947 365">
    <p class='ocr_par' dir='ltr' id='par_1_1' title="bbox 327 293 947 365">
     <span class='ocr_line' id='line_1_1' title="bbox 327 293 947 365; baseline -0.008 -23"><span class='ocrx_word' id='word_1_1' title='bbox 327 295 581 362; x_wconf 15' lang='lat' dir='ltr'><strong>,toturn</strong></span> <span class='ocrx_word' id='word_1_2' title='bbox 628 293 715 343; x_wconf 83' lang='lat' dir='ltr'><strong>vrrr.</strong></span> <span class='ocrx_word' id='word_1_3' title='bbox 781 335 783 341; x_wconf 89' lang='grc'>,</span> <span class='ocrx_word' id='word_1_4' title='bbox 886 296 947 365; x_wconf 80' lang='lat'><strong>339</strong></span> 
     </span>
    </p>
   </div>
   <div class='ocr_carea' id='block_1_2' title="bbox 113 434 1015 3056">
    <p class='ocr_par' dir='ltr' id='par_1_2' title="bbox 113 434 1015 3056">
     <span class='ocr_line' id='line_1_2' title="bbox 158 434 945 524; baseline 0.004 -22"><span class='ocrx_word' id='word_1_5' title='bbox 158 442 243 505; x_wconf 91' lang='lat' dir='ltr'><strong>omni</strong></span> <span class='ocrx_word' id='word_1_6' title='bbox 254 439 367 507; x_wconf 84' lang='lat' dir='ltr'><strong>ratione</strong></span> <span class='ocrx_word' id='word_1_7' title='bbox 380 459 523 524; x_wconf 88' lang='lat' dir='ltr'><strong>pugnare,</strong></span> <span class='ocrx_word' id='word_1_8' title='bbox 545 458 583 501; x_wconf 88' lang='lat' dir='ltr'><strong>ne</strong></span> <span class='ocrx_word' id='word_1_9' title='bbox 596 437 661 514; x_wconf 82' lang='lat' dir='ltr'><strong>fiat,</strong></span> <span class='ocrx_word' id='word_1_10' title='bbox 678 438 760 520; x_wconf 91' lang='lat' dir='ltr'><strong>quod</strong></span> <span class='ocrx_word' id='word_1_11' title='bbox 773 434 814 500; x_wconf 82' lang='lat' dir='ltr'><strong>esi</strong></span> <span class='ocrx_word' id='word_1_12' title='bbox 827 437 945 505; x_wconf 77' lang='lat' dir='ltr'><strong>mitiust</strong></span> 
     </span>
     <span class='ocr_line' id='line_1_3' title="bbox 158 542 1015 630; baseline -0.004 -22"><span class='ocrx_word' id='word_1_13' title='bbox 158 558 273 628; x_wconf 75' lang='lat' dir='ltr'><strong>oportet</strong></span> <span class='ocrx_word' id='word_1_14' title='bbox 286 553 387 614; x_wconf 80' lang='lat' dir='ltr'><strong>tamen</strong></span> <span class='ocrx_word' id='word_1_15' title='bbox 402 566 453 608; x_wconf 81' lang='lat' dir='ltr'><strong>eos</strong></span> <span class='ocrx_word' id='word_1_16' title='bbox 471 544 523 629; x_wconf 92' lang='lat' dir='ltr'><strong>qui</strong></span> <span class='ocrx_word' id='word_1_17' title='bbox 533 545 675 628; x_wconf 87' lang='lat' dir='ltr'><strong>puniunt,</strong></span> <span class='ocrx_word' id='word_1_18' title='bbox 695 543 790 627; x_wconf 85' lang='lat' dir='ltr'><strong>&amp;qui</strong></span> <span class='ocrx_word' id='word_1_19' title='bbox 805 542 946 626; x_wconf 82' lang='lat' dir='ltr'><strong>relegant,</strong></span> <span class='ocrx_word' id='word_1_20' title='bbox 1013 628 1015 630; x_wconf 10' lang='lat' dir='ltr'>q</span> 
     </span>
     <span class='ocr_line' id='line_1_4' title="bbox 159 648 948 736; baseline -0.004 -22"><span class='ocrx_word' id='word_1_21' title='bbox 159 650 377 724; x_wconf 74' lang='lat' dir='ltr'>absolventibus</span> <span class='ocrx_word' id='word_1_22' title='bbox 391 652 535 736; x_wconf 85' lang='lat' dir='ltr'><strong>primum,</strong></span> <span class='ocrx_word' id='word_1_23' title='bbox 552 671 626 714; x_wconf 85' lang='lat' dir='ltr'><strong>mox</strong></span> <span class='ocrx_word' id='word_1_24' title='bbox 640 651 717 713; x_wconf 83' lang='lat' dir='ltr'><strong>inter</strong></span> <span class='ocrx_word' id='word_1_25' title='bbox 727 648 759 712; x_wconf 85' lang='lat' dir='ltr'><strong>se</strong></span> <span class='ocrx_word' id='word_1_26' title='bbox 770 649 948 732; x_wconf 84' lang='lat' dir='ltr'><strong>comparari,</strong></span> 
     </span>
     <span class='ocr_line' id='line_1_5' title="bbox 139 744 950 840; baseline -0.01 -16"><span class='ocrx_word' id='word_1_27' title='bbox 139 788 140 792; x_wconf 42' lang='lat'>¹</span> <span class='ocrx_word' id='word_1_28' title='bbox 160 744 266 825; x_wconf 83' lang='lat' dir='ltr'><strong>scilicet</strong></span> <span class='ocrx_word' id='word_1_29' title='bbox 285 758 362 820; x_wconf 92' lang='lat' dir='ltr'><strong>utin</strong></span> <span class='ocrx_word' id='word_1_30' title='bbox 376 757 548 840; x_wconf 77' lang='lat' dir='ltr'><strong>spestaculis</strong></span> <span class='ocrx_word' id='word_1_31' title='bbox 561 754 738 840; x_wconf 88' lang='lat' dir='ltr'><strong>quibusdam</strong></span> <span class='ocrx_word' id='word_1_32' title='bbox 747 753 810 818; x_wconf 80' lang='lat' dir='ltr'><strong>sors</strong></span> <span class='ocrx_word' id='word_1_33' title='bbox 820 754 950 837; x_wconf 77' lang='lat' dir='ltr'>aliquem</span> 
     </span>
     <span class='ocr_line' id='line_1_6' title="bbox 159 860 947 946; baseline -0.004 -21"><span class='ocrx_word' id='word_1_34' title='bbox 159 860 272 946; x_wconf 81' lang='lat' dir='ltr'>seponit</span> <span class='ocrx_word' id='word_1_35' title='bbox 290 885 324 926; x_wconf 91' lang='lat' dir='ltr'><strong>ac</strong></span> <span class='ocrx_word' id='word_1_36' title='bbox 344 862 451 938; x_wconf 80' lang='lat' dir='ltr'><strong>servat,</strong></span> <span class='ocrx_word' id='word_1_37' title='bbox 474 862 527 946; x_wconf 87' lang='lat' dir='ltr'><strong>qui</strong></span> <span class='ocrx_word' id='word_1_38' title='bbox 547 882 619 924; x_wconf 90' lang='lat' dir='ltr'><strong>cum</strong></span> <span class='ocrx_word' id='word_1_39' title='bbox 643 861 755 924; x_wconf 69' lang='lat' dir='ltr'><strong>victore</strong></span> <span class='ocrx_word' id='word_1_40' title='bbox 770 860 947 937; x_wconf 71' lang='lat' dir='ltr'><strong>contendat:</strong></span> 
     </span>
     <span class='ocr_line' id='line_1_7' title="bbox 160 963 950 1050; baseline -0.01 -16"><span class='ocrx_word' id='word_1_41' title='bbox 160 968 241 1037; x_wconf 79' lang='lat' dir='ltr'><strong>stein</strong></span> <span class='ocrx_word' id='word_1_42' title='bbox 253 968 363 1032; x_wconf 84' lang='lat' dir='ltr'><strong>Senatu</strong></span> <span class='ocrx_word' id='word_1_43' title='bbox 373 966 440 1029; x_wconf 90' lang='lat' dir='ltr'><strong>sunt</strong></span> <span class='ocrx_word' id='word_1_44' title='bbox 450 967 550 1050; x_wconf 87' lang='lat' dir='ltr'><strong>aliqua</strong></span> <span class='ocrx_word' id='word_1_45' title='bbox 556 967 666 1050; x_wconf 89' lang='lat' dir='ltr'><strong>prima,</strong></span> <span class='ocrx_word' id='word_1_46' title='bbox 678 964 745 1027; x_wconf 93' lang='lat' dir='ltr'><strong>sunt</strong></span> <span class='ocrx_word' id='word_1_47' title='bbox 751 963 878 1028; x_wconf 88' lang='lat' dir='ltr'><strong>secunda</strong></span> <span class='ocrx_word' id='word_1_48' title='bbox 887 984 950 1039; x_wconf 81' lang='lat' dir='ltr'><strong>cer·</strong></span> 
     </span>
     <span class='ocr_line' id='line_1_8' title="bbox 161 1069 951 1154; baseline -0.004 -20"><span class='ocrx_word' id='word_1_49' title='bbox 161 1075 294 1137; x_wconf 81' lang='lat' dir='ltr'><strong>tamina:</strong></span> <span class='ocrx_word' id='word_1_50' title='bbox 317 1074 348 1137; x_wconf 77' lang='grc' dir='ltr'><strong>δι</strong></span> <span class='ocrx_word' id='word_1_51' title='bbox 359 1073 522 1135; x_wconf 87' lang='lat' dir='ltr'><strong>exduabus</strong></span> <span class='ocrx_word' id='word_1_52' title='bbox 533 1071 683 1133; x_wconf 83' lang='lat' dir='ltr'><strong>sententiis</strong></span> <span class='ocrx_word' id='word_1_53' title='bbox 694 1090 773 1146; x_wconf 88' lang='lat' dir='ltr'><strong>eam,</strong></span> <span class='ocrx_word' id='word_1_54' title='bbox 789 1069 951 1154; x_wconf 89' lang='lat' dir='ltr'><strong>quaesupe-</strong></span> 
     </span>
     <span class='ocr_line' id='line_1_9' title="bbox 163 1174 953 1260; baseline -0.003 -20"><span class='ocrx_word' id='word_1_55' title='bbox 163 1178 223 1241; x_wconf 89' lang='lat' dir='ltr'><strong>rior</strong></span> <span class='ocrx_word' id='word_1_56' title='bbox 234 1178 349 1255; x_wconf 81' lang='lat' dir='ltr'><strong>exierit,</strong></span> <span class='ocrx_word' id='word_1_57' title='bbox 370 1178 455 1241; x_wconf 88' lang='lat' dir='ltr'><strong>tertia</strong></span> <span class='ocrx_word' id='word_1_58' title='bbox 469 1176 615 1260; x_wconf 71' lang='lat' dir='ltr'><strong>expediat.</strong></span> <span class='ocrx_word' id='word_1_59' title='bbox 652 1174 738 1259; x_wconf 81' lang='lat' dir='ltr'><strong>Qrid</strong></span> <span class='ocrx_word' id='word_1_60' title='bbox 756 1178 837 1259; x_wconf 89' lang='lat' dir='ltr'><strong>quod</strong></span> <span class='ocrx_word' id='word_1_61' title='bbox 857 1176 953 1258; x_wconf 82' lang='lat' dir='ltr'><strong>prima</strong></span> 
     </span>
     <span class='ocr_line' id='line_1_10' title="bbox 164 1266 955 1370; baseline -0.005 -21"><span class='ocrx_word' id='word_1_62' title='bbox 164 1266 307 1349; x_wconf 83' lang='lat' dir='ltr'><strong>sententia</strong></span> <span class='ocrx_word' id='word_1_63' title='bbox 316 1286 519 1370; x_wconf 88' lang='lat' dir='ltr'><strong>comprobata,</strong></span> <span class='ocrx_word' id='word_1_64' title='bbox 532 1295 648 1346; x_wconf 85' lang='lat' dir='ltr'><strong>caeterae</strong></span> <span class='ocrx_word' id='word_1_65' title='bbox 658 1282 862 1365; x_wconf 86' lang='lat' dir='ltr'><strong>perimuntur?</strong></span> <span class='ocrx_word' id='word_1_66' title='bbox 882 1280 955 1365; x_wconf 84' lang='lat' dir='ltr'><strong>Qua</strong></span> 
     </span>
     <span class='ocr_line' id='line_1_11' title="bbox 164 1388 954 1474; baseline -0.004 -21"><span class='ocrx_word' id='word_1_67' title='bbox 164 1411 235 1473; x_wconf 87' lang='lat' dir='ltr'><strong>ergo</strong></span> <span class='ocrx_word' id='word_1_68' title='bbox 244 1391 357 1453; x_wconf 86' lang='lat' dir='ltr'><strong>ratione</strong></span> <span class='ocrx_word' id='word_1_69' title='bbox 368 1390 461 1474; x_wconf 87' lang='lat' dir='ltr'><strong>potest</strong></span> <span class='ocrx_word' id='word_1_70' title='bbox 471 1389 529 1453; x_wconf 83' lang='lat' dir='ltr'><strong>effe</strong></span> <span class='ocrx_word' id='word_1_71' title='bbox 539 1408 602 1451; x_wconf 91' lang='lat' dir='ltr'><strong>non</strong></span> <span class='ocrx_word' id='word_1_72' title='bbox 619 1408 697 1450; x_wconf 87' lang='lat' dir='ltr'><strong>unus</strong></span> <span class='ocrx_word' id='word_1_73' title='bbox 712 1400 800 1470; x_wconf 89' lang='lat' dir='ltr'><strong>atque</strong></span> <span class='ocrx_word' id='word_1_74' title='bbox 814 1388 894 1460; x_wconf 86' lang='lat' dir='ltr'><strong>idem</strong></span> <span class='ocrx_word' id='word_1_75' title='bbox 908 1390 954 1450; x_wconf 91' lang='lat' dir='ltr'><strong>lo·</strong></span> 
     </span>
     <span class='ocr_line' id='line_1_12' title="bbox 165 1491 953 1580; baseline -0.004 -23"><span class='ocrx_word' id='word_1_76' title='bbox 165 1515 218 1558; x_wconf 85' lang='lat' dir='ltr'><strong>cus</strong></span> <span class='ocrx_word' id='word_1_77' title='bbox 243 1495 464 1572; x_wconf 86' lang='lat' dir='ltr'><strong>sententiarum,</strong></span> <span class='ocrx_word' id='word_1_78' title='bbox 487 1514 616 1580; x_wconf 89' lang='lat' dir='ltr'><strong>quarum</strong></span> <span class='ocrx_word' id='word_1_79' title='bbox 643 1493 744 1556; x_wconf 86' lang='lat' dir='ltr'><strong>nullus</strong></span> <span class='ocrx_word' id='word_1_80' title='bbox 769 1491 809 1554; x_wconf 89' lang='lat' dir='ltr'><strong>est</strong></span> <span class='ocrx_word' id='word_1_81' title='bbox 837 1492 953 1574; x_wconf 81' lang='lat' dir='ltr'><strong>postea?</strong></span> 
     </span>
     <span class='ocr_line' id='line_1_13' title="bbox 113 1597 980 1684; baseline -0.002 -22"><span class='ocrx_word' id='word_1_82' title='bbox 113 1603 119 1612; x_wconf 83' lang='lat'>&#39;</span> <span class='ocrx_word' id='word_1_83' title='bbox 166 1598 289 1667; x_wconf 82' lang='lat' dir='ltr'><strong>Planius</strong></span> <span class='ocrx_word' id='word_1_84' title='bbox 300 1614 441 1684; x_wconf 82' lang='lat' dir='ltr'>repetam,</span> <span class='ocrx_word' id='word_1_85' title='bbox 462 1599 515 1663; x_wconf 81' lang='lat' dir='ltr'><strong>nist</strong></span> <span class='ocrx_word' id='word_1_86' title='bbox 534 1602 651 1672; x_wconf 81' lang='lat' dir='ltr'><strong>dicente</strong></span> <span class='ocrx_word' id='word_1_87' title='bbox 664 1597 840 1662; x_wconf 81' lang='lat' dir='ltr'><strong>sententiam</strong></span> <span class='ocrx_word' id='word_1_88' title='bbox 855 1619 893 1670; x_wconf 78' lang='lat' dir='ltr'><strong>eo</strong></span> <span class='ocrx_word' id='word_1_89' title='bbox 905 1599 957 1681; x_wconf 89' lang='lat' dir='ltr'><strong>qui</strong></span> <span class='ocrx_word' id='word_1_90' title='bbox 975 1629 980 1639; x_wconf 83' lang='lat'><strong>·</strong></span> 
     </span>
     <span class='ocr_line' id='line_1_14' title="bbox 167 1703 958 1793; baseline -0.003 -26"><span class='ocrx_word' id='word_1_91' title='bbox 167 1703 288 1787; x_wconf 85' lang='lat' dir='ltr'><strong>relegat,</strong></span> <span class='ocrx_word' id='word_1_92' title='bbox 297 1706 341 1767; x_wconf 90' lang='lat' dir='ltr'><strong>illi</strong></span> <span class='ocrx_word' id='word_1_93' title='bbox 348 1705 398 1788; x_wconf 92' lang='lat' dir='ltr'><strong>qui</strong></span> <span class='ocrx_word' id='word_1_94' title='bbox 409 1705 650 1789; x_wconf 90' lang='lat' dir='ltr'><strong>puniuntcapite,</strong></span> <span class='ocrx_word' id='word_1_95' title='bbox 660 1704 746 1767; x_wconf 87' lang='lat' dir='ltr'><strong>initio</strong></span> <span class='ocrx_word' id='word_1_96' title='bbox 753 1704 850 1774; x_wconf 80' lang='lat' dir='ltr'><strong>statim</strong></span> <span class='ocrx_word' id='word_1_97' title='bbox 859 1704 891 1765; x_wconf 92' lang='lat' dir='ltr'><strong>in</strong></span> <span class='ocrx_word' id='word_1_98' title='bbox 900 1703 958 1793; x_wconf 87' lang='lat' dir='ltr'><strong>alia</strong></span> 
     </span>
     <span class='ocr_line' id='line_1_15' title="bbox 165 1800 956 1894; baseline -0.004 -21"><span class='ocrx_word' id='word_1_99' title='bbox 165 1809 330 1886; x_wconf 82' lang='lat' dir='ltr'><strong>discedunt,</strong></span> <span class='ocrx_word' id='word_1_100' title='bbox 348 1807 454 1872; x_wconf 79' lang='lat' dir='ltr'><strong>frustra</strong></span> <span class='ocrx_word' id='word_1_101' title='bbox 471 1809 569 1894; x_wconf 78' lang='lat' dir='ltr'><strong>postea</strong></span> <span class='ocrx_word' id='word_1_102' title='bbox 583 1811 615 1872; x_wconf 90' lang='lat' dir='ltr'><strong>in</strong></span> <span class='ocrx_word' id='word_1_103' title='bbox 628 1831 665 1873; x_wconf 90' lang='lat' dir='ltr'><strong>eo</strong></span> <span class='ocrx_word' id='word_1_104' title='bbox 678 1809 846 1875; x_wconf 79' lang='lat' dir='ltr'><strong>dissentient</strong></span> <span class='ocrx_word' id='word_1_105' title='bbox 856 1811 894 1873; x_wconf 88' lang='lat' dir='ltr'><strong>ab</strong></span> <span class='ocrx_word' id='word_1_106' title='bbox 909 1800 956 1885; x_wconf 85' lang='lat' dir='ltr'><strong>eo,</strong></span> 
     </span>
     <span class='ocr_line' id='line_1_16' title="bbox 168 1914 958 2000; baseline -0.001 -20"><span class='ocrx_word' id='word_1_107' title='bbox 168 1917 216 1981; x_wconf 90' lang='lat' dir='ltr'><strong>cui</strong></span> <span class='ocrx_word' id='word_1_108' title='bbox 227 1919 318 2000; x_wconf 89' lang='lat' dir='ltr'><strong>paulo</strong></span> <span class='ocrx_word' id='word_1_109' title='bbox 330 1929 399 1980; x_wconf 87' lang='lat' dir='ltr'><strong>ante</strong></span> <span class='ocrx_word' id='word_1_110' title='bbox 409 1915 616 1980; x_wconf 87' lang='lat' dir='ltr'><strong>consenserint.</strong></span> <span class='ocrx_word' id='word_1_111' title='bbox 652 1914 709 1979; x_wconf 88' lang='lat' dir='ltr'><strong>Sed</strong></span> <span class='ocrx_word' id='word_1_112' title='bbox 722 1915 794 1999; x_wconf 87' lang='lat' dir='ltr'><strong>quid</strong></span> <span class='ocrx_word' id='word_1_113' title='bbox 808 1936 864 1998; x_wconf 79' lang='lat' dir='ltr'><strong>ego</strong></span> <span class='ocrx_word' id='word_1_114' title='bbox 877 1914 958 1991; x_wconf 71' lang='lat' dir='ltr'><strong>fimi·</strong></span> 
     </span>
     <span class='ocr_line' id='line_1_17' title="bbox 165 2019 958 2098; baseline 0 -13"><span class='ocrx_word' id='word_1_115' title='bbox 165 2023 206 2097; x_wconf 16' lang='lat' dir='ltr'><strong>vlia</strong></span> <span class='ocrx_word' id='word_1_116' title='bbox 227 2023 358 2098; x_wconf 86' lang='lat' dir='ltr'><strong>docenti,</strong></span> <span class='ocrx_word' id='word_1_117' title='bbox 377 2043 448 2091; x_wconf 87' lang='lat' dir='ltr'><strong>curn</strong></span> <span class='ocrx_word' id='word_1_118' title='bbox 462 2020 578 2094; x_wconf 73' lang='lat' dir='ltr'><strong>‚discere</strong></span> <span class='ocrx_word' id='word_1_119' title='bbox 603 2022 708 2098; x_wconf 90' lang='lat' dir='ltr'><strong>velim,</strong></span> <span class='ocrx_word' id='word_1_120' title='bbox 735 2041 774 2084; x_wconf 87' lang='lat' dir='ltr'><strong>an</strong></span> <span class='ocrx_word' id='word_1_121' title='bbox 800 2019 958 2087; x_wconf 82' lang='lat' dir='ltr'><strong>sententias</strong></span> 
     </span>
     <span class='ocr_line' id='line_1_18' title="bbox 169 2124 959 2212; baseline 0.004 -22"><span class='ocrx_word' id='word_1_122' title='bbox 169 2128 275 2205; x_wconf 84' lang='lat' dir='ltr'><strong>dividi,</strong></span> <span class='ocrx_word' id='word_1_123' title='bbox 298 2149 337 2191; x_wconf 87' lang='lat' dir='ltr'><strong>an</strong></span> <span class='ocrx_word' id='word_1_124' title='bbox 356 2127 397 2193; x_wconf 89' lang='lat' dir='ltr'><strong>iri</strong></span> <span class='ocrx_word' id='word_1_125' title='bbox 420 2129 453 2192; x_wconf 92' lang='lat' dir='ltr'><strong>in</strong></span> <span class='ocrx_word' id='word_1_126' title='bbox 474 2126 601 2211; x_wconf 81' lang='lat' dir='ltr'><strong>singulas</strong></span> <span class='ocrx_word' id='word_1_127' title='bbox 621 2129 802 2212; x_wconf 83' lang='lat' dir='ltr'><strong>oportuerit?</strong></span> <span class='ocrx_word' id='word_1_128' title='bbox 827 2124 959 2194; x_wconf 84' lang='lat' dir='ltr'><strong>Obtinui</strong></span> 
     </span>
     <span class='ocr_line' id='line_1_19' title="bbox 169 2233 958 2319; baseline -0.004 -20"><span class='ocrx_word' id='word_1_129' title='bbox 169 2234 303 2316; x_wconf 87' lang='lat' dir='ltr'><strong>quidem,</strong></span> <span class='ocrx_word' id='word_1_130' title='bbox 326 2235 407 2317; x_wconf 89' lang='lat' dir='ltr'><strong>quod</strong></span> <span class='ocrx_word' id='word_1_131' title='bbox 420 2233 622 2319; x_wconf 80' lang='lat' dir='ltr'><strong>postulabam:</strong></span> <span class='ocrx_word' id='word_1_132' title='bbox 646 2234 842 2298; x_wconf 85' lang='lat' dir='ltr'><strong>nihilominus</strong></span> <span class='ocrx_word' id='word_1_133' title='bbox 856 2247 958 2297; x_wconf 87' lang='lat' dir='ltr'><strong>tamen</strong></span> 
     </span>
     <span class='ocr_line' id='line_1_20' title="bbox 167 2338 957 2423; baseline 0.001 -22"><span class='ocrx_word' id='word_1_134' title='bbox 167 2360 284 2422; x_wconf 84' lang='lat' dir='ltr'><strong>quaero,</strong></span> <span class='ocrx_word' id='word_1_135' title='bbox 313 2360 352 2402; x_wconf 91' lang='lat' dir='ltr'><strong>an</strong></span> <span class='ocrx_word' id='word_1_136' title='bbox 374 2338 518 2423; x_wconf 86' lang='lat' dir='ltr'><strong>postulare</strong></span> <span class='ocrx_word' id='word_1_137' title='bbox 545 2341 711 2417; x_wconf 87' lang='lat' dir='ltr'><strong>debuerim,</strong></span> <span class='ocrx_word' id='word_1_138' title='bbox 735 2361 774 2403; x_wconf 88' lang='lat' dir='ltr'><strong>an</strong></span> <span class='ocrx_word' id='word_1_139' title='bbox 802 2339 957 2415; x_wconf 82' lang='lat' dir='ltr'><strong>abstinere,</strong></span> 
     </span>
     <span class='ocr_line' id='line_1_21' title="bbox 171 2444 959 2529; baseline 0.006 -25"><span class='ocrx_word' id='word_1_140' title='bbox 171 2446 426 2527; x_wconf 83' lang='lat' dir='ltr'><strong>quemadmodum</strong></span> <span class='ocrx_word' id='word_1_141' title='bbox 444 2444 584 2509; x_wconf 83' lang='lat' dir='ltr'><strong>abstinuit</strong></span> <span class='ocrx_word' id='word_1_142' title='bbox 605 2446 642 2521; x_wconf 86' lang='lat' dir='ltr'><strong>ia,</strong></span> <span class='ocrx_word' id='word_1_143' title='bbox 665 2446 717 2528; x_wconf 90' lang='lat' dir='ltr'><strong>qui</strong></span> <span class='ocrx_word' id='word_1_144' title='bbox 731 2447 874 2509; x_wconf 90' lang='lat' dir='ltr'><strong>ultimum</strong></span> <span class='ocrx_word' id='word_1_145' title='bbox 891 2444 959 2529; x_wconf 59' lang='lat' dir='ltr'><strong>supa</strong></span> 
     </span>
     <span class='ocr_line' id='line_1_22' title="bbox 170 2548 960 2635; baseline 0.001 -23"><span class='ocrx_word' id='word_1_146' title='bbox 170 2550 295 2635; x_wconf 87' lang='lat' dir='ltr'><strong>-plicium</strong></span> <span class='ocrx_word' id='word_1_147' title='bbox 315 2548 495 2613; x_wconf 87' lang='lat' dir='ltr'><strong>sumendum</strong></span> <span class='ocrx_word' id='word_1_148' title='bbox 516 2549 573 2617; x_wconf 80' lang='lat' dir='ltr'><strong>esse</strong></span> <span class='ocrx_word' id='word_1_149' title='bbox 595 2550 741 2614; x_wconf 89' lang='lat' dir='ltr'><strong>censebat.</strong></span> <span class='ocrx_word' id='word_1_150' title='bbox 768 2550 897 2617; x_wconf 72' lang='lat' dir='ltr'><strong>vNescio</strong></span> <span class='ocrx_word' id='word_1_151' title='bbox 913 2571 960 2615; x_wconf 63' lang='lat' dir='ltr'><strong>,an</strong></span> 
     </span>
     <span class='ocr_line' id='line_1_23' title="bbox 169 2655 959 2740; baseline -0.001 -20"><span class='ocrx_word' id='word_1_152' title='bbox 169 2656 250 2740; x_wconf 79' lang='lat' dir='ltr'><strong>jure,</strong></span> <span class='ocrx_word' id='word_1_153' title='bbox 273 2667 351 2717; x_wconf 89' lang='lat' dir='ltr'><strong>certe</strong></span> <span class='ocrx_word' id='word_1_154' title='bbox 370 2655 508 2737; x_wconf 83' lang='lat' dir='ltr'><strong>aequitate</strong></span> <span class='ocrx_word' id='word_1_155' title='bbox 528 2655 732 2738; x_wconf 85' lang='lat' dir='ltr'><strong>postulationis</strong></span> <span class='ocrx_word' id='word_1_156' title='bbox 754 2678 830 2720; x_wconf 82' lang='lat' dir='ltr'><strong>meae</strong></span> <span class='ocrx_word' id='word_1_157' title='bbox 851 2656 959 2733; x_wconf 71' lang='lat' dir='ltr'><strong>vitius,</strong></span> 
     </span>
     <span class='ocr_line' id='line_1_24' title="bbox 174 2758 963 2846; baseline 0.001 -22"><span class='ocrx_word' id='word_1_158' title='bbox 174 2758 279 2824; x_wconf 77' lang='lat' dir='ltr'><strong>omissa</strong></span> <span class='ocrx_word' id='word_1_159' title='bbox 291 2758 433 2825; x_wconf 79' lang='lat' dir='ltr'><strong>sententia</strong></span> <span class='ocrx_word' id='word_1_160' title='bbox 456 2760 519 2838; x_wconf 84' lang='lat' dir='ltr'><strong>sua,</strong></span> <span class='ocrx_word' id='word_1_161' title='bbox 539 2761 652 2827; x_wconf 74' lang='lat' dir='ltr'><strong>accessit</strong></span> <span class='ocrx_word' id='word_1_162' title='bbox 666 2762 826 2846; x_wconf 75' lang='lat' dir='ltr'><strong>relegantiz</strong></span> <span class='ocrx_word' id='word_1_163' title='bbox 851 2762 963 2828; x_wconf 75' lang='lat' dir='ltr'><strong>veritus</strong></span> 
     </span>
     <span class='ocr_line' id='line_1_25' title="bbox 174 2864 963 2959; baseline 0.003 -31"><span class='ocrx_word' id='word_1_164' title='bbox 174 2864 294 2940; x_wconf 86' lang='lat' dir='ltr'><strong>scilicet,</strong></span> <span class='ocrx_word' id='word_1_165' title='bbox 308 2864 394 2959; x_wconf 32' lang='lat' dir='ltr'><strong>nensr</strong></span> <span class='ocrx_word' id='word_1_166' title='bbox 405 2865 607 2931; x_wconf 87' lang='lat' dir='ltr'><strong>dividerentur</strong></span> <span class='ocrx_word' id='word_1_167' title='bbox 617 2867 768 2930; x_wconf 83' lang='lat' dir='ltr'><strong>sententiae</strong></span> <span class='ocrx_word' id='word_1_168' title='bbox 782 2869 874 2952; x_wconf 87' lang='lat' dir='ltr'><strong>(quod</strong></span> <span class='ocrx_word' id='word_1_169' title='bbox 888 2869 963 2930; x_wconf 91' lang='lat' dir='ltr'><strong>alio-</strong></span> 
     </span>
     <span class='ocr_line' id='line_1_26' title="bbox 176 2967 969 3056; baseline 0.004 -23"><span class='ocrx_word' id='word_1_170' title='bbox 176 2970 228 3055; x_wconf 88' lang='lat' dir='ltr'><strong>qui</strong></span> <span class='ocrx_word' id='word_1_171' title='bbox 247 2967 311 3035; x_wconf 89' lang='lat' dir='ltr'><strong>sore</strong></span> <span class='ocrx_word' id='word_1_172' title='bbox 332 2967 500 3049; x_wconf 82' lang='lat' dir='ltr'><strong>videbatur)</strong></span> <span class='ocrx_word' id='word_1_173' title='bbox 525 2993 571 3049; x_wconf 91' lang='lat' dir='ltr'><strong>ea,</strong></span> <span class='ocrx_word' id='word_1_174' title='bbox 602 2993 670 3056; x_wconf 88' lang='lat' dir='ltr'><strong>quae</strong></span> <span class='ocrx_word' id='word_1_175' title='bbox 691 2971 885 3037; x_wconf 83' lang='lat' dir='ltr'><strong>absolvendos</strong></span> <span class='ocrx_word' id='word_1_176' title='bbox 906 2972 969 3036; x_wconf 74' lang='lat' dir='ltr'><strong>esse·</strong></span> 
     </span>
    </p>
   </div>
   <div class='ocr_carea' id='block_1_3' title="bbox 554 3077 630 3144">
    <p class='ocr_par' dir='ltr' id='par_1_3' title="bbox 554 3077 630 3144">
     <span class='ocr_line' id='line_1_27' title="bbox 554 3077 630 3144; baseline 0.013 -1"><span class='ocrx_word' id='word_1_177' title='bbox 554 3077 630 3144; x_wconf 76' lang='lat' dir='ltr'><strong>Ze</strong></span> 
     </span>
    </p>
   </div>
   <div class='ocr_carea' id='block_1_4' title="bbox 0 0 1188 3767">
    <p class='ocr_par' dir='ltr' id='par_1_4' title="bbox 0 0 1188 3767">
     <span class='ocr_line' id='line_1_28' title="bbox 0 0 1188 3767; baseline 0 0"><span class='ocrx_word' id='word_1_178' title='bbox 0 0 1188 3767; x_wconf 95' lang='lat' dir='ltr'><strong> </strong></span> 
     </span>
    </p>
   </div>
  </div>
 </body>
</html>
