2317 3767
400 222 695 325 ursaarv.
891 254 951 343 169

156 443 217 505 que
239 420 369 496 amicus,
394 418 427 480 in
453 420 664 486 Duumviratu
687 418 741 482 suo
772 418 952 494 tollendum,

160 529 402 610 abolendumque
412 526 537 589 curavit.
581 526 717 609 Negavit
734 546 772 588 ex
793 524 954 589 auetorita-

160 645 191 694 te
212 633 331 715 publica
351 628 460 696 secisse.
504 631 576 715 Egit
597 630 655 715 ipse
674 629 795 695 causam
810 651 872 694 non
893 628 954 694 mi·

161 758 219 799 nus
248 735 382 812 feliciter,
414 758 506 821 quam
539 736 655 800 diserte.
709 734 966 800 Commendabat*

163 843 323 918 actionem,
347 845 428 926 quod
449 856 593 927 tanquam
622 842 716 904 homo
737 841 895 905 Romanus
921 841 953 904 dc

161 950 259 1011 bonus
272 949 347 1011 civis
368 948 399 1009 in
421 949 541 1031 negotio
565 945 618 1011 suo
639 946 804 1010 mature&
824 945 954 1028 graviter

161 1054 349 1135 loquebatur.
394 1051 480 1117 Cum
501 1051 653 1118 sententiae
671 1060 855 1135 rogarentur,
876 1050 953 1116 dixit

108 1193 114 1210 ·
160 1156 273 1239 Junius
295 1156 452 1221 Mauricus
472 1161 545 1242 (quo
565 1159 632 1220 viro
645 1158 722 1219 nlbll
730 1157 858 1232 firmius,
876 1156 954 1219 nihil

163 1258 278 1340 verius)
290 1282 351 1325 non
362 1262 418 1326 else
430 1262 644 1326 restituendum
655 1261 871 1325 Viennensibus
881 1283 952 1347 ago-

162 1388 220 1429 na:
248 1366 367 1451 adjecit,
384 1367 504 1430 Vellem
518 1370 610 1431 etlam
629 1367 739 1430 Romse
754 1367 819 1430 tolli
843 1367 951 1451 poffet:

163 1471 353 1548 Constanter,
371 1473 482 1556 inquis,
497 1474 528 1536 &
541 1470 667 1537 sortiter.
712 1470 849 1557 Quidni?
896 1470 952 1535 Sed

163 1579 222 1641 hoc
236 1578 379 1642 Maurico
388 1597 504 1640 novum
514 1579 633 1642 nonest.
681 1578 768 1642 ldem
780 1578 858 1661 apud
868 1575 953 1640 Ner-

162 1704 235 1746 vam
251 1683 464 1767 Imperatorem
478 1705 540 1748 non
554 1687 655 1747 minus
665 1682 790 1748 fortiter.
836 1681 954 1748 Coena·

162 1792 216 1853 bat
229 1787 335 1851 Nerva
341 1809 415 1851 cum
429 1790 551 1872 paucis:
584 1789 714 1875 Vejento
723 1791 890 1874 proximus,
905 1799 952 1852 at-

163 1916 223 1979 que
244 1894 334 1956 etiam
349 1894 380 1956 in
404 1894 469 1958 srnu
487 1896 689 1958 recumbebat.
734 1895 811 1959 Dixi
836 1896 951 1973 omnia,

162 2021 235 2063 cum
263 2000 418 2062 hominem
446 2001 613 2064 nominavi.
659 2000 770 2066 Incidit
796 1998 892 2065 sermo
914 2003 953 2065 de

163 2105 291 2171 Catullo
305 2104 478 2181 Messalino,
500 2109 552 2189 qui
566 2107 731 2170 luminibus
749 2108 882 2185 orbatus,
904 2109 951 2170 in·

162 2212 250 2293 genio
262 2209 341 2273 saevo
354 2211 435 2274 mala
447 2212 587 2274 caecitatis
601 2212 764 2275 addiderat.
808 2211 885 2277 Non
900 2234 953 2277 ve-

162 2317 293 2392 rebatur,
322 2337 384 2379 non
415 2314 615 2393 erubescebat,
650 2337 713 2380 non
747 2315 949 2384 miserebatur.

165 2420 279 2504 Saepius
293 2424 311 2485 i
327 2422 511 2487 ‘Domitiano
525 2443 587 2485 non
604 2420 686 2485 secus
700 2442 735 2485 ac
748 2424 819 2501 tela,
841 2445 910 2508 quae
922 2425 954 2489 δι

163 2523 226 2609 ipsa
247 2546 323 2590 caeca
336 2528 548 2612 &improvida
571 2525 718 2606 seruntur,
743 2530 775 2592 in
803 2531 953 2614 optimum

163 2650 314 2717 quemque
333 2636 595 2717 contorquebatur.
640 2633 692 2698 De
705 2634 797 2719 hujus
810 2633 952 2718 nequitia,

161 2735 409 2822 sanguinariisque
430 2737 593 2816 sententiis,
615 2740 647 2803 in
675 2759 837 2802 commune
849 2756 954 2801 omnes
1070 2815 1073 2820 ,

162 2839 248 2925 super
265 2863 387 2908 coenam
408 2844 616 2928 loquebantur.
661 2843 751 2911 Tum
777 2840 835 2928 ipse
851 2840 954 2925 Impe-

161 2957 252 3025 rator,
279 2946 366 3033 Quid
379 2960 521 3033 putamus
541 2947 693 3035 passurum
711 2945 809 3026 suiffe,
834 2946 856 3016 st
871 2947 954 3014 vive.
