2317 3767
388 266 664 318 rrrrrv.
883 254 940 326 rpr

148 444 218 511 quae
236 423 354 487 buum
378 413 611 491 multisonnem,
632 402 830 491 humilesne,
851 403 883 469 δι
897 421 945 467 re·

150 545 247 596 tentas
260 547 355 593 manu
368 522 540 590 arbusculas
556 517 705 584 circumit.
748 510 867 579 Omnia
879 527 952 573 mas

151 637 230 702 ceria
257 633 456 699 muniunturr
483 631 563 693 hanc
590 626 712 710 gradata
734 623 834 684 buxus
853 615 950 702 open't

151 746 184 808 δι
202 740 364 808 abscondit.
409 737 534 802 Pratum
556 733 627 796 inde
640 726 814 794 nonminus
828 735 947 796 natura,

152 869 245 935 quam
267 844 416 932 superiora
439 838 508 920 illa,
531 854 594 904 arte
623 835 790 902 visendum.
836 825 949 911 Campi

153 952 273 1032 deinde,
300 974 389 1038 porro
413 952 567 1035 multaque
586 946 646 1010 alia
667 955 751 1028 prata
763 941 795 1005 bc
819 931 947 1000 arbusta.

154 1057 304 1145 Acapite
328 1059 458 1144 porticus
486 1054 650 1119 triclinium
678 1048 820 1122 excurrit,
852 1036 950 1107 valvis

155 1167 275 1252 xystum
293 1164 485 1240 delmentem,
511 1163 542 1225 δι
563 1161 699 1245 protinus
719 1172 850 1244 pratum,
872 1154 952 1217 mul-

156 1289 284 1357 tumque
304 1271 381 1334 ruris
402 1270 485 1333 videt
504 1264 650 1330 fenestris.
694 1266 765 1330 Hac
778 1269 857 1332 latur
876 1271 951 1356 xysti

98 1418 105 1430 ·
156 1381 283 1466 &quod
298 1376 409 1462 prosilit
430 1376 524 1452 villae,
550 1394 585 1436 ac
606 1372 769 1458 adjacentis
790 1374 951 1459 hippodro-

158 1489 202 1552 mi
223 1507 343 1562 nemus,
360 1481 516 1567 comasque
529 1478 704 1566 prospectat.
749 1477 867 1544 Contra
887 1501 952 1543 me.

159 1595 242 1658 diam
264 1589 327 1656 sere
340 1591 488 1675 porticum
509 1588 599 1652 diaeta
612 1588 737 1672 paulum
750 1587 872 1664 recedit,
887 1586 954 1649 ein·
1062 1613 1065 1623 =

159 1701 204 1785 git
216 1698 359 1775 areolam,
378 1718 447 1781 quae
465 1709 592 1780 quatuor
603 1692 732 1778 platanis
752 1692 952 1757 inumbratur.

163 1806 248 1871 Inter
270 1807 326 1868 has
340 1822 509 1867 marmoreo
527 1803 613 1865 labro
633 1819 710 1884 aqua
731 1801 874 1877 exundat,
895 1800 954 1864 cir-

161 1911 378 1999 cumjectasque
391 1912 538 1994 platanos,
564 1907 596 1970 δι
617 1905 749 1991 subjesla
761 1905 889 1988 platanis
911 1906 955 1970 lc·

162 2020 195 2082 ni
208 2018 357 2104 aspergine
372 2013 465 2080 fovet.
509 2012 561 2078 Est
581 2010 614 2075 in
630 2011 687 2074 hac
707 2009 796 2074 diaeta
810 2011 956 2076 dormito·

164 2126 244 2190 rium
270 2122 455 2199 cubiculum,
476 2121 559 2206 quod
579 2118 674 2196 diem,
706 2117 881 2197 clamorem,
908 2116 955 2183 so·

165 2251 298 2315 numque
311 2229 460 2293 excludit:
482 2225 647 2312 junctaque
657 2222 830 2309 quotidiana
844 2224 969 2289 amico*

166 2359 236 2401 rum
257 2336 399 2402 coenatio.
454 2332 599 2398 Areolam
620 2331 704 2395 illam
728 2330 858 2416 porticus
885 2329 957 2407 alia,

165 2446 329 2529 eademque
341 2442 457 2519 omnia,
480 2460 548 2525 quae
561 2439 693 2523 porticus
705 2435 817 2523 aspicit.
862 2435 914 2502 Est
927 2439 960 2504 δι

167 2550 250 2614 aliud
264 2551 435 2615 cubiculum
457 2550 475 2613 ai
494 2546 631 2632 proxima
651 2547 783 2630 platano,
813 2545 908 2609 viride
929 2545 962 2609 bt

167 2656 354 2736 umbrosum,
369 2674 519 2736 marmore
532 2651 717 2737 exsculptum
735 2651 826 2735 podio
849 2662 959 2712 tenure

168 2786 224 2829 uec
245 2765 325 2828 cedit
348 2763 451 2846 gratiae
469 2760 641 2837 marmoris,
655 2776 768 2833 ramos,
791 2751 962 2819 insidentes·

167 2892 227 2956 que
240 2872 334 2934 ramis
344 2890 414 2934 aves
426 2867 543 2934 imitata
555 2865 693 2951 pillum
716 2861 765 2926 cui
786 2857 882 2925 subest
891 2856 962 2925 son·
1050 2934 1053 2938 ¹

168 2978 301 3044 ticulus:
327 2976 368 3043 ln
387 2977 446 3039 hoe
462 2969 546 3039 sonte
571 2985 676 3049 crater,
698 2969 777 3032 circa
795 2965 963 3053 stphunculi
