2317 3767
214 282 275 371 326
374 304 407 350 c.
439 306 553 353 retu.
578 306 840 352 errsroenn.

214 447 346 531 antiqua,
366 447 404 510 fic
418 447 497 531 quafi
510 447 598 511 sacrae
612 449 701 531 leges.
735 446 841 511 Tanta
851 446 1006 532 principis,

214 564 296 614 tanta
317 552 452 629 Senatus,
473 566 555 619 tanta
570 553 714 617 Pallantis
729 551 829 636 ipsius,
852 553 936 636 (quid
958 555 1006 614 di-

202 672 282 719 ¹cam
305 653 413 735 nescio)
445 671 479 721 ut
501 660 592 722 vellet
616 660 648 721 in
673 659 767 722 oculis
792 660 931 721 omnium
953 657 1005 740 figi

216 760 313 825 Pallae
337 761 522 826 insolentiam
552 762 648 840 suam,
683 764 857 848 patientiam
889 762 1005 840 Caelar,

215 867 416 932 humilitatem
442 868 576 933 Senatus.
629 870 700 934 Nec
724 870 830 953 puduit
857 869 1004 931 rationem

215 975 391 1059 turpitudini
405 977 574 1038 obtendere.
613 974 772 1059 Egregiam
787 974 920 1058 quidem,
935 974 1002 1056 pul-

215 1081 377 1164 chramque
391 1071 549 1156 rationem,
570 1094 604 1143 ut
621 1082 759 1164 exemplo
772 1079 915 1142 Pallantis
927 1101 1004 1163 prae-
1072 1069 1075 1072 ’

216 1187 348 1249 mierum
370 1189 408 1249 ad
430 1186 559 1249 studium
582 1186 781 1248 aemulationis
806 1185 904 1246 caeteri
934 1206 1004 1268 pro-

215 1306 402 1355 vocarentur.
441 1291 487 1356 Ea
497 1292 647 1355 honorum
662 1291 773 1354 utilitas
787 1303 859 1367 erat,
882 1290 1005 1352 illorum

217 1399 320 1474 etiam,
344 1420 419 1482 quos
444 1396 543 1459 Pallas
565 1418 627 1459 non
646 1397 834 1479 dignabatur.
880 1393 1004 1457 Inveni-

217 1505 343 1566 ebantur
356 1517 458 1565 tamen
479 1501 600 1564 honesto
614 1503 680 1564 loco
702 1502 776 1577 nati,
800 1501 852 1584 qui
872 1512 1004 1583 peterent

217 1623 426 1694 cuperentque,
446 1609 526 1692 quod
543 1609 608 1669 dari
629 1608 745 1683 liberto,
768 1607 901 1690 promitti
914 1603 1004 1666 servia

216 1715 369 1777 videbant.
412 1713 518 1798 Quam
533 1712 633 1798 juvat,
653 1712 734 1797 quod
756 1713 788 1775 in
805 1724 940 1796 tempora
952 1711 1005 1772 illa

179 1862 184 1875 1
216 1840 277 1882 non
295 1820 397 1895 incidi,
419 1838 547 1902 quorum
561 1819 599 1880 fic
614 1839 675 1894 me,
698 1831 841 1902 tanquam
863 1818 923 1880 illis
938 1818 1004 1881 vix-

216 1925 304 2001 erim,
338 1924 449 2007 pudet!
481 1924 558 1988 Non
578 1923 684 1986 dubito
707 1923 840 1987 similiter
860 1921 1001 1986 afficite.

217 2027 284 2092 Scio
306 2051 397 2113 quam
417 2029 452 2092 fit
477 2030 532 2092 tibi
552 2029 684 2093 verus&
706 2030 850 2112 ingenuus
865 2030 1002 2092 animus:

216 2133 341 2218 ideoque
363 2131 480 2198 facilius
502 2133 553 2210 est,
575 2145 610 2196 ut
631 2155 680 2196 me
701 2136 884 2218 (quanquam
907 2135 1004 2217 indig-

215 2239 366 2302 nationem
381 2238 557 2321 quibusdam
572 2240 604 2301 in
618 2240 691 2302 locis
706 2238 823 2302 fortaffe
837 2241 914 2302 ultra
928 2239 1003 2322 epis-

215 2344 284 2408 tolae
298 2346 423 2407 modum
436 2341 608 2423 extulerim)
628 2365 735 2428 parum
755 2344 888 2424 doluisse,
911 2367 1004 2429 quam

215 2449 305 2511 nimis
318 2450 430 2512 credas.
476 2448 564 2512 Vale.

298 2680 372 2726 νη.
407 2678 440 2722 c.
466 2678 612 2727 neamus
637 2666 779 2727 'enemo
808 2681 875 2727 suo
898 2683 926 2726 s.

218 2825 274 2937 N
278 2888 373 2948 noyn
390 2881 423 2931 ut
437 2868 574 2953 magistro
589 2870 736 2953 magister,
759 2894 855 2957 neque
871 2886 905 2936 ut
918 2871 1006 2935 disci·

215 2977 287 3061 pulo
308 2974 466 3059 discipulus
481 2975 531 3059 (sie
548 2976 630 3038 enim
643 2974 755 3057 scribis)
783 2977 833 3041 sed
861 2992 895 3044 ut
918 2977 1005 3041 disci·
