2317 3767
381 283 401 328 ι
425 280 438 327 r
463 280 482 326 n
507 281 526 326 u
551 282 572 327 rr
619 252 718 328 vrrrss
881 277 939 346 321

223 549 279 595 VI·
314 547 347 592 C·
372 546 519 592 PLINIUS
544 548 730 595 MONTANO
758 546 827 592 SUO
850 549 878 591 S.

155 690 417 805 Coonovrssr
438 739 504 825 jam
526 760 564 803 ex
589 738 709 824 epistola
740 756 808 801 mea
838 741 939 816 debes,

149 845 299 908 annotasse
317 830 475 929 melnuper
489 847 710 909 monimentum
725 843 868 907 Pallantis
887 843 941 907 sub

151 950 208 1013 hac
221 930 427 1034 inscription&
457 970 547 1014 nure
566 969 730 1013 srnnrus
749 968 794 1013 on
821 969 937 1012 ornum

151 1073 420 1134 mrrnrumouc
451 1074 547 1118 rnen
585 1072 790 1130 rnrnortOS,
821 1073 938 1118 orun-

152 1176 283 1223 ruuurn
316 1180 512 1225 nnAEroruA
544 1179 753 1238 urendum,
788 1180 832 1222 ur
864 1144 939 1222 ses-v

105 1262 109 1267 ’
152 1284 322 1329 runrrum
340 1284 503 1329 *cunrrrs
529 1283 799 1344 nummorum
829 1282 940 1335 curus

152 1390 300 1436 Horrore
330 1390 547 1437 conrnnrus
581 1391 683 1433 rurr.
740 1369 842 1432 Postea
863 1371 954 1441 mihi

120 1530 123 1535 Δ
150 1477 246 1540 visum
261 1477 301 1539 est
314 1479 442 1562 pretium
464 1497 555 1553 curae,
570 1475 667 1560 ipsum
689 1475 719 1538 S.
731 1475 772 1539 C.
795 1496 936 1558 quaerere.

152 1580 261 1645 Inveni
276 1596 338 1646 tam
352 1582 501 1666 copiosum
521 1585 552 1646 δι
565 1580 705 1657 effusum,
725 1595 758 1644 ut
778 1581 828 1642 ille
839 1579 938 1664 super·

151 1685 284 1749 biffimus
298 1688 412 1763 titulus,
436 1690 570 1752 modicus
585 1702 673 1771 atque
690 1687 782 1749 etiam
799 1685 938 1748 demiffus

151 1792 310 1855 videretur.
364 1791 531 1857 Conferant
557 1792 598 1869 se,
637 1793 845 1876 misceantque,
875 1812 937 1854 non

151 1899 218 1961 dico
231 1898 276 1961 illi
297 1910 409 1963 veteres
421 1896 568 1974 Africani,
581 1899 718 1973 Achaici,
733 1898 934 1965 Numantini:

150 2002 198 2067 sed
217 2007 249 2068 hi
271 2004 411 2090 proxim,
428 2003 534 2080 Marii,
562 2004 661 2090 Syllae,
682 2004 829 2089 Pompeji,
854 2005 938 2088 (nolo

149 2113 284 2196 progredi
309 2106 440 2196 longius)
469 2107 547 2173 infra
570 2110 712 2173 Pallantis
732 2112 834 2174 laudes
854 2111 937 2193 jace-

148 2220 235 2281 bunt.
281 2218 434 2294 Urbanos,
455 2218 506 2302 qui
526 2218 578 2280 illa
599 2217 783 2293 censuerunt,
811 2217 933 2299 putem?

149 2343 187 2390 an
217 2323 356 2388 miseros?
401 2324 543 2387 Dicerem
569 2324 721 2398 Urbanos,
747 2323 768 2385 sr
795 2323 936 2385 Senatum

149 2428 264 2488 deceret
281 2431 443 2493 urbanitas,
497 2428 625 2493 Miseros
654 2430 744 2510 ergo?
775 2428 824 2491 sed
846 2449 936 2491 nemo

148 2542 212 2592 tam
231 2532 381 2610 miserest,
398 2547 431 2596 ut
444 2536 481 2597 ad
496 2535 547 2597 illa
560 2546 693 2616 cogatur.
711 2568 713 2576 =
737 2532 874 2597 Ambitio
888 2555 935 2596 er·

148 2656 198 2729 go,
225 2638 255 2700 &
279 2639 454 2720 procedendi
475 2640 593 2703 libido?
639 2638 776 2724 Sed-quis
797 2641 871 2702 adeo
883 2642 936 2727 de·

149 2764 247 2819 mens,
264 2759 296 2807 ut
310 2755 362 2807 aut
375 2766 426 2828 per
439 2744 537 2821 suum,
553 2758 605 2808 aut
615 2767 668 2829 per
680 2746 838 2829 publicum,
847 2746 937 2808 dede·

149 2869 201 2911 cus
215 2851 371 2933 procedere
389 2843 477 2913 vellet
499 2851 531 2914 in
555 2873 591 2914 ea
612 2851 741 2927 civitate,
762 2851 793 2912 in
808 2870 867 2932 qua
888 2849 938 2912 hic

149 2953 219 3018 cffet
233 2953 301 3019 usus
319 2954 522 3038 potentiffimae
538 2957 699 3039 dignitatis,
713 2969 754 3020 'ut
775 2955 889 3043 primus
906 2956 937 3018 in

549 3061 584 3123 Y
