2317 3767
398 291 590 340 arran
636 289 695 341 ru.
838 288 945 356 ·145

152 435 369 521 conspiratione
382 436 561 512 delatorum,
580 454 673 520 quam
701 434 734 497 in
754 430 866 519 quaestu
890 433 946 496 ha·

151 544 263 606 bebant
273 529 295 604 :⁸
309 542 439 604 dicerem
457 540 569 618 causas,
595 529 704 624 quibus'
717 537 947 603 faetiofiffimum

153 669 303 732 quemque
321 661 357 710 ut
375 648 463 711 illum
484 645 580 731 ipsum
593 644 828 730 Theophanem,
849 642 948 708 offen·

153 752 250 816 disset.
288 752 429 816 Eundem
439 773 489 815 me
502 752 638 815 voluerat
648 769 800 814 occurrere
816 750 945 826 crimini,
981 821 988 830 ⁴

153 880 214 942 quo
227 857 360 920 maxime
370 860 569 940 premebatur.
600 855 640 921 In
653 858 719 920 aliis
730 857 823 933 enim,
839 876 946 941 quarn-

154 965 201 1026 vis
221 964 324 1026 auditu
345 962 542 1044 gravioribus,
568 984 631 1025 non
649 962 865 1026 absolutionem
879 980 947 1024 mo·

153 1072 207 1145 do,
220 1088 327 1130 verum
341 1068 431 1130 etiam
442 1067 562 1130 laudem
573 1069 752 1131 merebatur.
776 1067 846 1131 Hoc
860 1068 948 1130 illum

154 1176 309 1248 onerabat,
325 1176 405 1258 quod
417 1173 511 1236 homo
524 1172 647 1256 simplex
661 1173 691 1235 &
705 1173 852 1248 incautus,
864 1192 948 1256 quae·

153 1281 226 1341 darn
255 1279 273 1341 a
301 1278 543 1361 provincialibus,
572 1293 606 1341 ut
631 1278 756 1353 amicus,
786 1292 944 1362 acceperat.

155 1384 243 1449 Nam
277 1381 375 1447 fuerat
410 1385 442 1446 in
475 1383 629 1467 provincia
656 1385 761 1444 eadem
795 1380 945 1467 Quaestor.

156 1489 234 1555 Haec
247 1488 430 1553 accusatores
451 1486 531 1552 furta
544 1509 578 1552 ac
599 1488 727 1572 rapinas,
744 1486 802 1572 ipse
822 1507 948 1551 munera

157 1599 294 1659 vocabat.
338 1595 396 1658 Sed
403 1596 452 1658 lex
467 1616 592 1658 munera
606 1616 725 1679 quoque
747 1593 840 1677 accipi
854 1606 945 1656 vetat.

158 1700 226 1766 Hic
239 1705 306 1784 ego,
326 1702 398 1785 quid
423 1702 562 1785 agerem?
593 1701 673 1784 quod
696 1701 751 1762 iter
773 1695 954 1764 defensionis*

160 1808 346 1890 ingrederer?
400 1807 572 1890 Negarem?
615 1805 760 1882 Verebar,
793 1827 832 1869 nc
859 1806 952 1889 plane.

158 1911 276 1977 furtum
313 1913 470 1988 videretur,
509 1914 589 1998 quod
617 1910 749 1974 confiteri
786 1913 943 1976 timerem:

157 2031 298 2103 praeterec
309 2038 373 2081 rem
384 2014 572 2081 manifestam
586 2016 722 2094 inficiari,
738 2018 872 2101 augentis
886 2033 949 2082 erat

157 2125 283 2199 crimen,
294 2143 355 2185 non
367 2123 523 2185 diluentis:
556 2120 717 2205 praesertim
728 2142 797 2185 cum
809 2143 876 2186 reue
890 2123 949 2207 ipsc

159 2230 236 2293 nihil
264 2229 413 2312 integrum
446 2229 597 2291 advocatis
624 2226 792 2312 reliquisset.
838 2227 950 2292 Multis

159 2336 255 2410 enim,
266 2347 354 2418 atque
364 2334 454 2398 etiam
469 2333 599 2416 Principi
613 2333 738 2409 dixerat,
761 2331 821 2396 sola
837 2332 865 2396 se
879 2355 948 2398 rnu-

160 2438 294 2515 nuseula,
315 2440 458 2502 duntaxat
479 2438 571 2501 natali
592 2437 655 2514 suu,
679 2451 731 2501 aut
746 2437 948 2504 Saturnalibus

161 2543 311 2628 accepisse,
337 2546 369 2609 ἃ
393 2542 537 2629 plerisque
556 2542 670 2607 misisse.
725 2542 855 2608 Veniam
879 2565 950 2628 ergo

144 2652 314 2734 peterem?
358 2650 535 2735 Jugrlarem
561 2669 658 2726 reum,
688 2669 778 2733 quem
807 2651 850 2713 ita
874 2648 949 2712 deli·

160 2755 261 2841 quisse,
273 2758 477 2833 concederem,
501 2770 535 2819 ut
552 2754 672 2831 servari,
697 2754 749 2818 nisr
763 2754 863 2830 venia,
890 2773 951 2816 non

162 2862 273 2946 posset?
316 2861 483 2948 Tanquam
497 2862 576 2925 recte
601 2858 716 2925 sactum
738 2859 857 2922 tuerer?
889 2878 950 2920 non

163 2968 207 3031 illi
236 2964 419 3052 profuissem,
445 2965 494 3029 sed
517 2965 576 3051 ipse
605 2968 762 3050 impudens
783 2961 951 3028 emitislem.

571 3070 600 3134 L
