2317 3767
200 250 266 331 “460
365 269 827 320 c.1³uru.urrsroaaa.

191 423 289 474 erunt.
349 410 427 476 Tibi
450 435 517 477 earn
534 414 676 478 fiduciam
700 415 861 498 diligentiae
877 413 988 491 habeo,

195 530 230 580 ut
242 506 362 580 credam
383 531 413 580 te
436 520 520 582 omni
535 521 649 582 ratione
674 522 704 582 id
720 522 869 595 aelurum,
884 520 992 582 nesrnt

195 623 317 685 obnoxii
340 623 467 708 injuriis.
513 624 544 688 Si
558 625 611 709 qui
626 639 727 688 autern
742 624 770 688 se
784 638 887 688 contra
900 618 989 686 disciss

195 727 310 810 plinam
335 740 436 790 meam
464 728 614 812 geticum,
645 730 742 793 statim
774 733 986 793 codrceanturz

134 874 139 881 ·
195 844 248 894 aut
271 830 292 894 sr
318 833 386 916 plus
411 834 595 911 admiserint,
611 856 703 918 quarn
718 848 752 897 ut
765 835 797 897 in
812 857 843 896 re
853 834 990 918 praesenti

195 937 229 1000 fit
250 938 337 1014 satia·
351 939 523 1021 puniantur.
570 939 601 1002 Si
625 940 734 1002 milites
759 953 857 1015 erunt,
885 940 990 1021 legatis

195 1062 387 1126 eorumquae
410 1045 638 1131 deprehenderis
666 1059 773 1108 notum
798 1042 908 1107 facies:
936 1056 990 1107 aut

195 1148 262 1210 srin
277 1150 382 1211 urbem
396 1147 495 1212 versus
510 1151 627 1212 venturi
642 1162 741 1227 erunt,
758 1151 833 1212 mihi
847 1149 967 1220 scribes.

273 1380 433 1424 Lxxxur.
470 1379 503 1423 C.
531 1379 674 1422 PLINIUS
697 1378 756 1423 ΤΒ.
781 1381 862 1424 ΙΜΡ,
886 1380 915 1422 S.

199 1524 389 1640 Caurum
416 1570 457 1634 est
486 1572 622 1636 Domine
646 1570 790 1656 Pompeja
816 1573 891 1654 lege,
921 1590 991 1654 quae

197 1677 333 1763 Bithynis
348 1680 416 1740 data
439 1677 490 1752 est,
514 1698 552 1739 ne
570 1679 638 1761 quis
656 1678 753 1760 capiat
772 1677 988 1760 magistratum,

114 1762 117 1770 ³
199 1804 275 1845 neve
295 1782 330 1846 fit
351 1784 383 1846 in
408 1782 509 1846 senatu
534 1784 634 1845 minor
647 1803 796 1844 annorum
810 1802 884 1843 mor.
927 1779 990 1842 Ea-

196 1890 266 1950 dem
286 1889 351 1972 lege
373 1887 617 1972 comprehensum
643 1887 695 1963 est,
726 1901 758 1949 ut
779 1888 830 1970 qui
860 1886 992 1969 ceperint

198 1993 412 2076 magistratum,
430 1994 486 2055 srnt
499 1992 531 2056 in
546 1992 657 2055 senatu.
704 1992 846 2056 Secutum
860 1992 900 2055 est
919 1994 990 2053 dein

199 2098 330 2161 edidium
341 2099 403 2161 divi
412 2098 549 2182 Augusti,
566 2120 627 2181 quo
637 2097 767 2181 permifit
778 2099 909 2160 minores
922 2117 989 2158 ma-

198 2202 333 2288 gistratus
361 2206 399 2268 ab
429 2205 515 2266 annis
537 2205 709 2266 duobus'&
739 2203 845 2286 viginti
870 2210 986 2285 capere.

200 2310 356 2395 Qraeritur
379 2313 461 2392 ergo,
491 2330 529 2371 an
555 2309 607 2391 qui
629 2291 733 2371 minor
750 2329 824 2371 xxx.
842 2327 990 2369 annorum

198 2414 280 2498 geffit
294 2414 489 2498 magistratus,
509 2413 622 2497 possita
637 2412 803 2476 censoribus
815 2414 846 2475 in
857 2412 990 2488 senatum

198 2521 269 2605 legi,
284 2519 347 2584 &fi
361 2519 489 2604 poliunt,
505 2541 544 2581 an
555 2538 592 2581 ex
607 2519 643 2580 iis
658 2540 776 2604 quoque
788 2519 839 2602 qui
851 2538 912 2579 non
926 2515 994 2600 gese

200 2628 278 2703 serit,
292 2625 376 2711 poffit
388 2626 455 2710 quis
464 2646 516 2709 per
529 2627 655 2687 eandem
670 2624 941 2707 interpretationem
951 2624 992 2684 ab

201 2754 237 2796 ea
257 2743 345 2794 aetate
365 2730 480 2792 senator
500 2731 569 2813 legi,
594 2732 686 2814 aquo
708 2730 767 2792 illis
789 2728 992 2810 magistratum

201 2857 301 2920 gerere
314 2835 487 2920 permissum
503 2835 564 2897 est:
586 2837 666 2919 quod
680 2834 791 2919 alioqui
809 2831 991 2909 laetiorum,

202 2944 234 3005 dc
252 2943 351 3006 adhue
375 2941 432 3005 esse
458 2938 649 3004 necessarium
661 2940 780 3017 dicitur,
804 2939 873 3025 quia
888 2939 923 3003 stt
935 2939 991 3002 ali-
