2317 3767
218 227 280 318 318
387 246 422 296 c.
447 245 568 293 auru.
595 244 859 295 rrrsrotnn.

215 390 257 455 est
278 388 420 455 credibile
441 402 601 475 utrumque
620 386 698 466 faui,
731 390 763 454 δι
796 389 868 473 quia
889 400 1010 455 tantum

216 495 355 560 blandior
372 493 460 558 mihi.
514 494 597 559 Volo
618 496 702 559 enim
722 496 860 581 proxima
883 516 1010 582 quaeque

185 590 189 596 ⁸
216 599 426 667 absolutissima
443 601 555 665 videri:
578 603 611 666 δι
634 602 702 666 idco
718 602 786 688 jam
807 620 889 666 nunc
906 617 1010 667 contra

216 705 305 772 istum
326 707 439 770 librum
461 703 550 770 faveo
571 706 710 786 orationi,
739 728 833 792 quam
858 729 955 793 nuper
978 709 1010 772 in

217 812 374 897 publicum
407 811 492 877 dedi:
523 813 800 878 communicaturus
831 828 944 891 tecum,
976 826 1011 876 ut

217 916 350 1004 primum
360 919 534 1002 diligentem
544 919 735 982 tabellarium
745 920 898 984 invenero.
920 917 1012 983 Erexi

217 1022 455 1108 expoliationem
471 1037 569 1100 tuam,
590 1045 683 1108 quam
693 1046 809 1103 vereor,
823 1045 862 1087 ne
875 1023 1012 1087 destituat

216 1130 318 1194 oratio'
334 1130 366 1193 in
386 1150 495 1193 manus
515 1127 643 1212 sumpta.
689 1128 817 1194 Interim
829 1142 931 1193 tamen
943 1143 1012 1192 tan·

217 1256 309 1319 quam
324 1237 502 1322 placituram
521 1234 564 1318 (ἃ
584 1232 703 1300 fortaffe
716 1230 856 1320 placebit)
875 1235 1008 1319 expecta.

220 1339 309 1406 Vale.
1002 1380 1005 1387 -

296 1570 355 1618 IV·
391 1570 425 1616 C·
451 1570 601 1618 PLINIUS
625 1570 785 1617 carunto
811 1571 880 1616 SUO
902 1573 931 1616 8.

219 1714 400 1830 Orrrrau
425 1762 511 1842 facis,
534 1766 616 1849 quod
638 1746 752 1828 bellum
778 1763 928 1830 Dacicum
942 1762 1010 1827 scri·

217 1871 398 1956 bereparas.
441 1870 529 1936 Nam
550 1893 619 1955 quae
641 1883 705 1934 tam
727 1891 841 1948 recens,
871 1882 933 1933 tam
958 1891 1010 1932 ω·

218 1975 310 2060 piosa,
333 1989 398 2041 tam
416 1976 487 2054 lata,
511 1998 580 2061 quae
593 1976 722 2061 denique
746 1989 809 2039 tam
830 1977 957 2059 poitica,
978 1976 1009 2040 δι

219 2082 405 2167 (quanquam
427 2082 460 2145 in
481 2081 636 2145 veriffunis
664 2078 765 2161 rebus)
789 2094 853 2145 tam
876 2079 1010 2145 fabulosa

219 2186 364 2250 materia?
398 2186 477 2250 dices
502 2187 738 2251 immiffaterris
762 2208 842 2251 nova
870 2187 1009 2264 flumina,

217 2311 312 2356 novos
326 2305 430 2376 pontes
444 2290 621 2356 fluminibus
635 2292 772 2378 injectos,
796 2290 898 2356 infesta
910 2293 1009 2356 castris

218 2396 369 2461 montium
382 2399 523 2482 abrupta:
547 2396 666 2484 pulsum
680 2399 772 2482 regia,
787 2397 905 2482 pulsum
918 2399 1010 2462 etiam

219 2502 282 2565 vita
294 2520 395 2587 regem
409 2504 487 2567 nihil
508 2502 722 2588 desperantem.
767 2503 861 2588 Super
881 2504 946 2567 haec
959 2525 1010 2568 ac·

216 2622 265 2673 toa
286 2610 333 2673 bia
361 2610 546 2693 triumphos:
577 2608 708 2694 quorum
733 2609 808 2672 alter
832 2629 870 2673 ex
897 2609 1009 2672 invitia
1140 2688 1143 2701 A

218 2727 305 2799 gente
317 2715 445 2800 primus,
461 2715 536 2778 alter
554 2713 728 2779 noviflimua
742 2711 810 2779 fuit.
856 2714 940 2790 Una,
960 2712 1012 2777 sed

217 2821 352 2885 maxima
366 2818 536 2897 difficultas,
552 2822 633 2904 quod
651 2822 717 2885 haec
738 2841 856 2906 aequare
870 2821 1008 2896 dicendo,
1140 2884 1141 2891 χ

219 2928 360 3003 arduum,
375 2924 567 3028 immensump
589 2927 681 2991 etiam
701 2938 755 2991 tuo
765 2927 897 3011 ingenio,
911 2946 1007 3011 quan-

1121 3478 1136 3729 l
