2317 3767
400 301 686 360 'Mutum
887 305 951 375 437

33 462 35 471 '
162 457 286 521 indicari
300 456 348 521 cui
362 454 513 520 sententiae
530 451 692 517 accesseris,
717 449 829 517 Tunc
850 465 950 514 autem

161 560 317 647 iplivatie
332 562 409 646 exigi
434 581 523 645 opera
545 559 600 622 tibi
614 581 695 622 curae
718 557 763 634 fit,
783 577 854 620 cum
868 558 951 620 thea-

163 680 256 744 trum,
280 668 494 753 propterquod
514 667 565 730 illa
583 662 721 749 promiil'a
740 663 817 739 sunt,
836 659 951 727 faiium

62 806 66 815 -
161 774 230 836 erit.
274 772 445 858 Gymnafiis
469 773 624 854 indulgent
640 768 787 845 Grae'culi,
808 769 875 832 ideo
889 767 950 831 for-

160 879 234 941 sitan
260 877 404 942 Nicenses
440 878 552 960 majore
574 876 676 938 animo
704 874 950 938 construtiionem

162 984 226 1069 ejus
249 983 368 1066 aggressi
390 980 467 1045 sunt.
512 980 569 1061 Sed
591 993 706 1064 oportet
734 982 801 1043 illos
823 1003 859 1044 eo
876 1002 949 1043 con-

162 1100 260 1150 tentos
281 1086 349 1164 elie,
381 1088 462 1171 quod
484 1085 569 1170 poffit
594 1086 652 1147 illis
671 1083 812 1148 sufficere.
862 1084 949 1169 Quid

164 1190 435 1276 Claudiopolitanis
448 1192 524 1254 eirea
542 1191 707 1265 balineum,
733 1192 813 1273 quod
831 1212 949 1274 parum,

162 1310 197 1361 ut
221 1298 333 1372 scribis,
356 1298 463 1360 idoneo
484 1297 551 1359 loeo
577 1297 802 1371 inchoaverunt,
825 1295 949 1360 suaden-

162 1407 236 1467 dum
259 1404 304 1480 fit,
328 1416 361 1465 tu
381 1401 546 1465 constitues.
592 1400 756 1464 Architeui
778 1401 832 1463 tibi
851 1401 951 1465 'deeffe

163 1531 226 1572 non
247 1507 375 1593 poliunt.
419 1506 518 1571 Nulla
548 1507 700 1589 provincia
724 1506 775 1582 est,
799 1527 867 1589 quae
887 1527 949 1570 non

161 1615 315 1699 peritos&
334 1611 498 1695 ingeniosos
512 1610 650 1675 homines
662 1612 781 1689 habeat,
804 1614 895 1674 modo
911 1632 949 1675 ne

162 1719 321 1794 existimes,
339 1718 461 1781 'brevius
484 1715 540 1782 effe
562 1719 602 1778 ab
624 1719 697 1779 urbe
711 1717 802 1792 mitti,
825 1738 895 1781 cum
911 1739 948 1781 ex
1031 1742 1033 1747 ’

162 1824 284 1891 Graecia
297 1820 387 1885 etiam
400 1822 439 1884 ad
454 1842 508 1886 nos
522 1823 624 1885 venire
644 1821 721 1886 soliti
734 1822 799 1885 smt.
831 1828 833 1832 ’

291 2057 323 2101 n.
353 2054 386 2099 c.
413 2052 556 2099 mutus
581 2054 641 2098 τκ.
671 2054 750 2097 mu).
769 2054 797 2098 S.

164 2204 356 2313 inlusum
378 2248 522 2333 mihi&
550 2242 679 2309 fortunae
702 2258 774 2322 tuae,
791 2247 827 2311 ’δε
852 2247 946 2309 animi
1026 2290 1028 2294 -

161 2355 409 2437 magnitudinem,
424 2353 732 2436 conuenientiffimum
746 2353 873 2427 videtur,
894 2353 946 2413 de-

161 2459 320 2521 monstmre
344 2480 433 2542 opera
464 2480 526 2523 non
553 2461 654 2525 minus
682 2457 844 2519 aetemitate
881 2468 944 2533 tua,

161 2584 252 2646 quam
263 2564 358 2647 gloria
371 2565 472 2646 digna,
487 2577 692 2647 quantumque
706 2563 944 2646 pulchritudinis,

160 2681 280 2731 tantum
304 2669 438 2732 utilitatis
465 2669 613 2732 habitura.
658 2667 709 2730 Est
737 2669 769 2729 in
797 2666 944 2730 Nicome-

160 2772 292 2836 denfium
314 2773 424 2838 linibus
449 2773 643 2857 ampliillmus
666 2773 760 2846 lacus,
791 2792 844 2855 per
864 2773 945 2836 hunc

160 2894 323 2956 marmora,
345 2876 472 2956 fruitus,
495 2879 587 2962 ligna,
613 2871 762 2954 materiae,
777 2879 808 2941 &
827 2875 945 2960 sumptu

152 2985 278 3049 modico
293 2984 439 3050 &labore
452 2986 548 3067 usque·
563 2986 602 3046 ad
616 2984 697 3046 viam
712 2983 850 3062 navibus,
876 2983 946 3047 inde
