2317 3767
209 220 270 312 368
380 240 414 289 c.
440 244 552 291 earn.
577 245 839 294 arrsrouna.
947 231 949 233 ’

207 382 279 468 ipsa,
304 384 578 470 quarnmonstras,
612 388 662 450 vel
686 391 784 472 potior
807 390 876 452 alia.
921 388 1000 455 Sunt

206 490 295 552 enirn*
314 489 347 569 in
369 490 425 552 hac
444 488 625 555 offendicula
647 495 813 557 nonnulla:
839 496 1001 559 circumfer

207 595 321 669 oculos,
342 594 373 657 &
386 607 550 657 occurrent.
585 595 768 681 Bibliopolas
783 596 927 681 Lugduni
940 601 1000 663 elle

207 718 269 762 non
290 700 444 782 putabam,
470 719 504 761 ac
518 713 602 763 tanto
615 701 758 764 libentius
771 724 809 765 ex
831 704 923 766 literis
938 705 999 766 tuis

207 805 334 885 cognovi
348 804 491 865 venditari
506 804 623 868 libellos
638 826 732 883 meos,
755 808 865 890 quibus
878 828 1001 891 peregre

207 895 328 968 manere
338 907 475 990 gratiam,
491 930 583 991 quam
598 911 630 971 in
650 913 724 973 urbe
739 913 921 994 collegerint,
944 916 998 976 de-

207 1010 310 1073 lecior.
357 1010 473 1094 Incipio
498 1012 581 1075 enim
610 1013 678 1076 satis
706 1015 874 1079 absolutum
899 1017 999 1080 existi·

208 1135 301 1193 mare,
326 1118 363 1177 de
385 1137 446 1200 quo
467 1129 548 1179 tanta
573 1118 738 1182 diversitate
761 1122 918 1204 regionum
940 1120 999 1184 dis·

206 1205 286 1284 creta
297 1221 457 1299 hominurn
466 1221 581 1306 judicia
598 1222 796 1288 consentiunt.
843 1223 935 1288 Vale.

288 1452 365 1496 x11.
398 1448 432 1496 C·
458 1451 605 1497 PLINIUS
629 1450 778 1504 IUNIOR!
804 1451 871 1498 SUO
889 1453 918 1496 S.

212 1591 485 1709 Cnsrronana
511 1642 633 1725 quidam
663 1643 761 1706 filiurn
789 1642 887 1719 suum,
916 1645 997 1727 quod

207 1749 297 1828 paulo
309 1746 503 1830 sumptuofius
517 1769 622 1830 equos,
641 1749 672 1812 δι
686 1769 772 1811 canes
786 1759 909 1823 emeret,
926 1748 998 1810 huic

207 1844 274 1933 ege,
289 1852 402 1935 juvene
416 1851 553 1935 digmffo,
580 1854 655 1915 heus
670 1867 715 1930 tu,
738 1873 932 1937 nunquamne
950 1849 997 1914 fe·

207 1948 282 2033 cisti,
308 1958 388 2038 quod
410 1959 429 2020 a
447 1970 529 2039 patre
547 1957 655 2040 corripi
668 1956 780 2040 pollet?
804 1954 896 2019 fecisti
916 1958 994 2031 dico.

207 2057 284 2123 Non
298 2060 447 2124 interdum
458 2058 547 2139 facis,
572 2064 654 2145 quod
667 2062 746 2124 filius
760 2073 830 2124 tuus
844 2060 997 2145 strepente

207 2160 291 2249 pater
304 2165 365 2241 ille,
383 2179 417 2228 tu
430 2165 523 2241 filius,
545 2168 610 2249 pari
623 2168 767 2250 gravitate
780 2167 994 2249 reprehendat?

207 2269 284 2335 Non
305 2291 410 2333 omnes
424 2272 561 2332 homines
587 2271 687 2355 aliquo
701 2291 798 2334 errore
822 2273 994 2333 ducuntur?

208 2395 270 2439 non
295 2375 345 2437 hic
369 2374 401 2436 in
426 2375 478 2437 illo
500 2374 565 2452 fibi,
596 2377 628 2438 in
649 2378 708 2439 hoc
735 2377 811 2439 alius
837 2376 994 2458 indulget?

98 2564 106 2575 ἱ
208 2480 287 2545 Haec
307 2479 363 2542 tibi
381 2480 552 2543 admonitus
571 2481 741 2545 immodicae
759 2480 921 2544 severitatis
942 2468 1000 2543 ex-'

208 2585 309 2670 emplo
321 2606 376 2668 pro
389 2605 490 2647 amore
504 2598 611 2648 mutuo
631 2585 738 2669 scripsi,
761 2608 800 2650 ne
821 2588 941 2670 quando
962 2599 997 2650 tu

198 2709 327 2774 'quoque
350 2689 447 2752 filiurn
468 2703 556 2752 tuum
585 2691 719 2753 acerbius
740 2690 898 2776 duriusque
920 2704 997 2754 trac-

146 2790 147 2797 '
207 2810 296 2860 tares.
341 2792 453 2880 Cogita
473 2793 606 2858 &illum
620 2815 746 2879 puerum
760 2794 828 2872 effe,
850 2797 925 2859 &te
947 2793 997 2858 fu-

208 2898 272 2978 iffe,
290 2888 383 2985 atque
392 2900 435 2966 ita
446 2901 506 2966 hoc
517 2902 600 2985 quod
613 2921 645 2963 es
659 2915 752 2984 pater,
769 2915 862 2980 utere,
886 2914 920 2965 ut
933 2922 999 2964 me-
