2317 3767
451 299 726 349 arueuv.
925 296 985 365 213

68 392 70 399 v
192 443 224 506 dt
237 442 416 506 humanum.
451 443 546 530 Qrod
560 457 595 508 ut
607 441 726 506 facilius
740 406 888 514 admittat,
903 441 985 503 rnul-

190 559 257 610 tum
271 544 360 612 faciet
380 551 473 613 medii
487 551 629 635 temporis
648 548 786 632 spatium.
833 546 880 611 Ut
902 548 984 610 enirn

191 655 316 716 crudum
335 655 433 718 adhuc
449 657 571 731 vulnus,
598 655 783 717 medentium
807 672 915 715 manus
937 672 985 715 re·

194 755 348 837 formidat,
375 761 482 823 deinde
493 762 616 844 patitur,
642 773 731 844 atque
745 760 824 824 ultro
837 758 984 842 requirit:

191 862 229 926 fic
252 875 354 927 recens
378 866 472 928 animi
493 867 579 930 dolor
601 864 813 928 consolationes
838 863 985 946 rejicitac

190 965 310 1052 refugit,
337 991 410 1033 mox
432 969 586 1047 desiderat,
614 971 645 1034 δι
670 971 832 1033 clementer
856 969 984 1033 admotis

191 1072 358 1157 acquiescit.
404 1073 493 1138 Vale.

236 1304 334 1349 xvrr.
360 1294 394 1349 c.
421 1302 569 1348 eunius
594 1301 786 1348 seunmure
813 1303 932 1348 suos.

197 1443 299 1560 Sero
313 1508 494 1580 quantopere
499 1496 588 1560 bonis
596 1496 710 1559 artibus
719 1489 832 1569 faveas,
840 1503 987 1576 quantum

191 1600 335 1680 gaudium
349 1603 458 1684 capias,
480 1602 501 1664 fi
516 1602 632 1665 nobiles
648 1601 777 1686 juvenes
791 1598 917 1681 dignum
931 1598 986 1660 aii-

192 1704 265 1787 quid
287 1705 453 1788 majoribus*
474 1705 532 1769 suis
558 1704 689 1770 saciant:
717 1726 778 1789 quo
802 1701 988 1767 festinantius

134 1810 137 1815 ’
192 1809 304 1872 nuncio
328 1809 382 1872 tibi
404 1806 490 1873 fuisse
512 1832 562 1873 me
584 1810 673 1874 hodie
688 1811 718 1872 in
740 1809 887 1873 auditorio
910 1807 986 1875 Cal-

191 1915 312 1999 phurnii
333 1912 458 1977 Pisonis.
497 1915 655 1979 Recitabat
670 1917 893 1998 spumessuou,
918 1935 986 1978 eru-

191 2021 288 2084 ditam
297 2018 368 2081 sane
381 2020 622 2104 luculentamque
635 2022 792 2085 materiam
806 2020 912 2104 scripta
925 2020 986 2084 eie·

191 2126 238 2209 gis
250 2138 315 2189 erat
328 2124 500 2202 fluentibus,
524 2127 556 2190 ἀ
566 2127 686 2203 teneris,
701 2128 735 2191 bt
746 2128 903 2205 enodibus,
917 2125 987 2191 sub-

192 2230 316 2294 limibus
341 2230 433 2293 etiarn
456 2231 567 2308 verbis,
597 2243 631 2294 ut
659 2231 750 2316 poscit
776 2232 870 2296 iocus.
914 2230 987 2296 Alte

193 2335 275 2397 enim
289 2336 320 2399 δι
341 2336 422 2398 varie
447 2357 528 2399 nunc
550 2321 751 2415 attollebatur,
776 2350 857 2403 nunc
882 2337 986 2401 resrde·

194 2441 262 2503 bata
285 2439 398 2502 excelsa
411 2441 560 2525 depreills,
583 2444 673 2507 exilia
687 2444 794 2527 plenis,
814 2443 921 2507 severis
935 2444 987 2528 ju·

180 2547 295 2635 cunda·
314 2549 469 2613 mutabat:
499 2548 602 2611 omnia
622 2549 744 2633 ingenio
770 2550 847 2633 pari,
890 2546 987 2613 Corn-

193 2652 355 2714 mendabat
379 2651 445 2714 haec
469 2672 543 2716 voce
564 2652 741 2731 suavissima,
772 2673 878 2717 vocem
903 2671 986 2714 vere·

193 2756 314 2832 cundia,
341 2757 474 2823 multum
487 2755 649 2842 sanguinis,
674 2760 806 2822 multum
825 2757 986 2820 solicitudi-

193 2862 240 2926 nis
255 2863 287 2924 in
301 2881 364 2937 ore,
386 2880 498 2945 magna
520 2877 695 2929 ornamenta
709 2863 869 2927 recitantis.
914 2860 987 2926 Ete-

193 2967 259 3033 nim
273 2965 383 3045 nescio,
397 2987 458 3051 quo
470 2967 559 3050 padio
573 2970 669 3053 magis
685 2972 718 3033 in
731 2967 834 3032 studiis
849 2967 988 3037 honines
