2317 3767
639 9 642 10 γ
654 9 745 12 eq*

332 304 337 311 r
415 224 687 338 rrurnlx.
880 285 942 356 457

152 451 220 534 sisti,
247 472 285 519 an
298 457 377 519 aedes
396 456 428 518 in
446 454 593 540 peristylio
613 452 745 519 Claudio
768 447 848 514 satta
861 450 941 513 effer.

153 562 288 625 Namfi
302 560 381 625 faela
395 563 473 625 aedes
495 561 577 636 esset,
602 560 670 622 licet
688 554 814 640 collapsa
828 554 874 632 stt,
896 577 944 617 re·

154 669 227 752 ligio
240 669 303 753 ejus
317 668 472 751 occupavit
488 666 596 729 solum.

267 898 411 944 Lxxvu.
452 898 484 942 C·
514 894 687 940 rumen.
707 894 786 940 IMP.
812 894 840 937 8.

151 1020 480 1142 Posrucnurmus
504 1078 692 1163 quibusdam,
718 1092 752 1142 ut
776 1079 813 1140 de
840 1074 943 1160 agnos·

153 1186 254 1248 cendis
279 1187 379 1248 liberis
403 1186 641 1272 restituendisque
664 1187 825 1260 natalibus,
849 1186 880 1248 δι
901 1182 945 1245 se-

153 1292 287 1352 cundum
300 1292 452 1374 epistolam
468 1292 639 1356 Domitiani
657 1290 793 1379 scriptam
808 1290 945 1354 Minutio

155 1392 251 1472 Rufo,
274 1397 305 1459 δι
319 1395 479 1460 secundum
493 1398 630 1482 exempla
644 1395 863 1480 proconsulum,
886 1393 946 1477 ipse

154 1500 369 1583 cognoscerem.
419 1502 545 1587 Respexi
579 1505 618 1564 ad
651 1499 942 1576 senatusconsultum,

154 1605 302 1688 pertinens
328 1608 366 1668 ad
391 1609 494 1670 eadem
513 1628 622 1690 genem
641 1606 806 1670 causarum.
850 1604 944 1689 Qrod

155 1712 193 1772 de
207 1710 255 1772 his
268 1723 386 1775 tantum
399 1714 558 1796 provinciis
576 1714 719 1797 loquitur,
742 1714 851 1797 quibus
875 1734 945 1796 pro·

155 1817 287 1880 consules
298 1817 443 1901 pnesunte
460 1820 585 1902 ideoque
600 1840 663 1881 rem
674 1820 820 1902 integram
834 1816 943 1894 distuli,

155 1923 230 1984 dum
244 1936 279 1985 tu
293 1923 427 1987 Domine
440 1925 623 2007 praeceperis,
646 1924 718 2008 quid
728 1922 881 1988 observare
895 1945 945 1985 me

157 2027 241 2090 velis.
355 2031 357 2035 ’

326 2257 484 2304 uxxvm.
519 2260 579 2304 ΤΚ.
604 2260 729 2308 ululo
761 2262 790 2307 S.

162 2404 215 2519 Sr
238 2451 313 2512 mihi
328 2451 607 2517 senatusconsultum
622 2452 746 2530 miseris,
767 2456 847 2538 quod
861 2453 945 2517 haesr·

157 2557 301 2620 tatlonem
323 2557 378 2619 tibi
402 2554 484 2633 fecit,
510 2558 663 2622 aestimabo
684 2579 724 2621 an
749 2560 856 2621 debeas
877 2581 947 2644 cog-

157 2660 275 2725 noscere
288 2665 324 2724 de
335 2661 523 2745 agnoscendis
538 2664 651 2741 liberis,
675 2665 705 2728 &
724 2663 874 2727 natalibus
888 2663 947 2728 suis

157 2764 352 2831 restituendis.
946 2788 949 2793 ⁴
