2317 3767
216 253 280 345 33⁸.
373 274 407 319 c.
434 273 550 321 eun,
574 272 840 322 eusdem.

214 414 339 498 gendos,
355 415 458 478 ‘videri
482 416 575 498 potest
594 438 654 479 una
676 416 921 502 sententia,'quae
935 420 1013 484 diei.

214 533 264 583 tur
287 523 304 583 ἃ
326 522 442 585 duobus
450 546 463 583 ⁴:
488 543 556 606 quae
579 542 641 585 non
654 524 803 586 videretur
827 525 898 600 dna,
924 524 946 586 fi
971 528 1013 588 ab

216 648 277 689 uno
303 627 470 688 diceretur?
504 627 614 710 Quid?
642 629 692 689 lex
715 649 777 691 non
801 641 907 711 aperte
926 630 1014 693 docet

217 733 317 796 dirimi
333 733 439 801 debere
456 730 614 794 sententias
625 734 785 796 occidentis
798 735 828 796 ἃ
842 734 1012 817 relegantis‚

215 857 285 900 cum
299 837 341 899 ita
354 835 554 899 disceffionem
569 838 634 900 fieri
644 838 755 922 jubet3
778 833 845 926 ,Qui
863 838 924 903 haec
938 839 1012 923 sen-

216 940 289 1016 titls,
315 940 346 1003 t‘n
359 941 432 1004 hanc
441 955 578 1026 partem:
601 943 651 1026 qui
671 943 732 1005 alia
756 944 859 1019 omnia,
880 944 910 1005 in
932 943 1012 1006 illam

121 1104 125 1115 ,
211 1060 324 1132 partem
338 1045 388 1122 ite,
410 1070 466 1130 qua
479 1047 627 1133 sentitis?
649 1047 798 1110 Examina
817 1048 1011 1130 fingulaver-

219 1153 269 1227 ba,
285 1154 316 1216 ἃ
328 1155 471 1240 expende.
517 1153 583 1239 Qui
602 1153 661 1216 hac
674 1153 799 1238 censetis,
820 1156 878 1216 hoe
893 1155 944 1231 est,
959 1155 1011 1239 qui

218 1259 390 1340 relegandos
412 1260 535 1342 putatis,
562 1257 592 1320 in
618 1257 690 1320 hanc
707 1272 831 1342 partem,
858 1259 955 1334 idest,
979 1261 1011 1323 in

219 1383 301 1439 eam,
320 1364 351 1424 in
365 1385 425 1447 qua
438 1362 528 1439 sedet,
544 1364 596 1448 qui
619 1363 730 1426 censuit
743 1365 929 1446 relegandos.
963 1363 1012 1426 Ex

220 1488 281 1552 quo
294 1466 483 1532 mmifestum
506 1468 557 1545 est,
580 1490 642 1530 non
664 1468 743 1551 polle
758 1470 790 1530 in
812 1470 915 1531 eadem
930 1482 1013 1552 parte

220 1594 372 1636 remanere
400 1595 463 1649 coe,
495 1575 546 1658 qui
574 1575 793 1636 interficiendos
820 1575 1010 1638 arbitrantur.
1054 1632 1055 1635 ,

220 1678 287 1767 Qui
298 1679 358 1745 alia
374 1680 488 1749 omnia:
508 1680 733 1756 animadvertis,
749 1692 858 1742 utnon
873 1692 1013 1770 contenta

219 1786 269 1846 lex
291 1786 387 1847 dicere
408 1784 480 1860 alia,
505 1785 661 1860 addiderit,
686 1785 787 1853 omnia.
833 1785 924 1850 Num
943 1806 1013 1868 ergo

220 1890 347 1953 dubium
373 1889 425 1966 est,
447 1891 508 1952 alia
526 1891 630 1952 omnia
654 1889 759 1953 sentire
780 1911 832 1953 eos
858 1891 910 1974 qui
933 1892 1012 1953 oeci·

221 1995 308 2069 dunt,
332 2014 424 2078 quam
443 1997 495 2080 qul
508 1996 663 2079 relegant?
693 1996 723 2059 in
742 1996 821 2058 illam
829 2010 942 2081 partem
956 1996 1010 2073 ite,
1119 2024 1122 2036 ·

221 2122 277 2184 qua
290 2098 419 2183 sentitis.
464 2086 581 2165 Nonne
598 2102 717 2164 videtur
730 2100 790 2186 ipsa
810 2104 858 2164 lex
872 2123 933 2178 eos,
959 2102 1014 2186 qui

222 2204 404 2281 distendunt,
428 2205 458 2269 in
485 2208 665 2269 contrariam
688 2221 804 2291 partem
824 2229 941 2283 vocare,
959 2229 1013 2271 co-

199 2338 202 2345 ’
221 2328 300 2396 gere,
316 2310 488 2394 impellere?
511 2333 586 2375 num
600 2312 751 2380 consulere
765 2314 856 2375 etiam
867 2314 917 2376 ubi
932 2312 1012 2398 quis·

223 2437 280 2500 que
299 2436 463 2493 remanere,
483 2414 718 2501 quo'transgredi
732 2420 851 2496 debeat,
870 2440 930 2482 non
945 2431 1013 2482 tan-

224 2535 289 2584 tum
314 2519 484 2594 solennibus
500 2524 609 2598 verbis,
632 2522 680 2585 sed
695 2533 788 2587 mand
808 2524 947 2609 gestuque
960 2525 1013 2587 de-

225 2626 385 2692 monstrat?
409 2626 453 2690 At
467 2629 549 2690 enim
562 2626 700 2693 futurum
716 2629 768 2705 est,
788 2642 822 2692 ut
840 2629 1013 2695 fidividan-

223 2748 273 2797 tur
294 2732 444 2807 senteutlae
466 2734 668 2799 lnterficientis
692 2736 722 2797 δι
743 2736 911 2819 relegantls,
936 2754 1014 2819 prae·

223 2843 321 2904 valeat
339 2841 402 2916 illa,
428 2862 496 2923 quae
518 2839 655 2903 absolvit.
700 2839 787 2925 Qid
801 2841 875 2903 istud
890 2843 928 2903 ad
942 2861 1015 2902 cen-

218 2945 341 3019 sentes?
365 2966 440 3030 quos
453 2959 531 3009 certe
545 2965 606 3008 non
629 2948 712 3008 decet
726 2947 867 3009 omnibus
887 2948 1014 3023 artibus,
