2317 3767
235 269 278 337 ⁶0
402 285 862 358 c.rr1u..arrer02unu.

235 431 313 494 veile
335 444 377 507 te,
395 451 450 495 nec
463 432 600 509 deerunt,
626 430 679 514 qui
692 433 773 516 quod
795 444 829 495 tu
854 432 941 509 velis,
968 453 1024 498 cu·

234 536 327 621 piant.
373 535 461 601 Vale.

321 771 355 814 X·
380 770 413 817 C.
439 769 588 815 emulus
613 767 785 817 OCTAVIO
809 769 877 816 SUO
900 771 929 814 δι

235 913 451 1026 Horarum
478 974 508 1025 te
529 961 701 1046 patientem,
728 963 777 1025 vel
788 964 1022 1046 potiusdurum,

232 1086 268 1152 ac
280 1087 356 1148 pene
369 1067 529 1145 crudelem,
550 1068 604 1152 qui
616 1080 680 1131 tam
693 1066 817 1152 insignes
843 1068 934 1132 libros
957 1082 1022 1132 tam

231 1171 284 1234 diu
302 1173 418 1236 teneas!
444 1172 609 1260 Quousque
630 1175 661 1238 δι
685 1174 740 1238 tibi
755 1174 789 1238 ἃ
803 1173 890 1237 nobis
903 1175 1020 1237 invide-

232 1277 298 1340 bis?
328 1280 396 1357 tibi,
424 1280 591 1343 maximam
615 1280 752 1343 laudem:
787 1279 1021 1363 nobiauolup·

230 1386 344 1447 tatem?
375 1385 446 1449 Sine
468 1407 519 1471 per
543 1407 597 1449 ora
622 1386 781 1449 hominum
803 1381 945 1462 ferantur,
971 1385 1021 1449 iis-

231 1491 358 1576 demque
371 1493 480 1575 quibus
498 1492 602 1574 lingua
624 1490 775 1566 Romana,
802 1489 900 1574 spatiis
913 1493 1019 1574 perva-

229 1595 350 1678 gentur=
376 1595 485 1679 magna
508 1598 599 1660 etiam
621 1598 768 1680 longaque
781 1598 944 1681 expesiatio
958 1598 1016 1662 est:

229 1721 322 1785 quam
350 1697 480 1765 frusira'ri
507 1703 605 1766 adhuc
628 1704 660 1767 ἃ
683 1701 801 1766 differre
832 1725 893 1767 non
914 1705 1015 1768 debes.

230 1805 418 1872 Enotuemnt
446 1808 568 1892 quidam
592 1809 636 1871 tui
663 1809 773 1886 versus,
799 1810 831 1873 ἃ
857 1810 953 1873 invito
972 1822 1015 1885 te,

229 1911 353 1977 claustra
371 1911 634 1999 tua‘re'sregerunt:
662 1915 730 1992 hos,
758 1915 812 1977 nisi
832 1916 962 1978 retrahes
985 1917 1017 1979 in

227 2039 346 2103 corpus,
368 2019 544 2105 quandoque
566 2032 600 2103 ut
623 2019 751 2096 errones,
778 2021 909 2104 aliquem
930 2020 1017 2106 cujus

211 2107 365 2190 'dicantur
378 2123 537 2191 invenient.
582 2126 673 2190 Habe
692 2139 759 2188 ante
776 2105 878 2189 oeulos
903 2140 1015 2190 morta-

99 2231 102 2236 '
225 2230 354 2309 litatem,
370 2234 388 2297 a
402 2253 462 2316 qua
475 2231 595 2296 asserere
618 2211 649 2294 te
666 2234 724 2296 hoc
746 2252 806 2294 uno
829 2232 1016 2297 monimento

227 2334 332 2420 poten
374 2321 461 2402 Nam
479 2350 597 2415 caetera,
622 2334 789 2421 fragilia&
813 2340 935 2414 caduca,
952 2327 1015 2403 non

226 2444 426 2528 minusquam
437 2442 488 2527 ipsi
500 2443 650 2519 homines,
659 2443 796 2506 occidunt
807 2442 1012 2529 desmuntque.

219 2547 333 2626 -Diees,
362 2548 506 2628 utsolee,
535 2547 637 2612 Amici
660 2548 721 2611 mei
747 2548 884 2612 viderint.
928 2549 1015 2634 Opto

224 2651 365 2740 equidem
386 2654 498 2718 amicos
511 2654 567 2717 tibi
587 2667 651 2717 tam
664 2652 776 2732 fideles,
791 2667 855 2718 tam
869 2657 1012 2735 eruditae,

225 2773 289 2825 tam
303 2759 473 2838 laboriosos,
493 2771 536 2823 ut.
548 2761 666 2825 tantum
683 2780 763 2824 curae
776 2760 1014 2848 intentionisque

221 2865 364 2951 suscipere
384 2868 415 2931 δι
436 2864 541 2950 poffmt
562 2868 593 2929 &
619 2867 722 2931 velint.
766 2865 824 2932 Sed
849 2866 956 2951 dispice
973 2891 1012 2932 ne

224 2970 558 3057 fitparumprovidum
573 2970 686 3055 sperare
699 2969 741 3035 eie
752 2972 830 3049 aliis,
849 2974 931 3066 quod
956 2974 1012 3037 tibi
