2317 3767
364 259 730 309 uruntur.
928 264 966 331 91

179 402 255 464 cius.
289 400 348 467 Per
359 403 516 468 hocomne
527 417 645 491 tempus
659 404 788 469 liberum
801 403 970 484 estaminia,

181 508 346 573 velerdem
359 530 447 593 agere
460 512 508 574 vel
522 512 592 588 alia,
611 510 761 577 fimalint.
798 509 971 597 Apponitur

180 636 267 678 coena
284 636 346 679 non
360 617 462 680 minus
475 617 570 680 nitida
591 638 683 701 quarn
697 613 776 702 frugi
802 617 834 681 in
848 631 970 703 argento

179 742 254 804 puro
276 724 307 786 δι
330 722 466 807 antiquo.
511 722 588 788 Sunt
611 724 644 788 in
663 722 717 788 usu
738 724 770 789 ἀ
795 721 968 802 Corinthia,

179 829 288 912 quibus
310 830 484 905 delcetatur,
514 850 570 893 nec
597 827 735 894 afficitur.
786 828 971 915 Frequenter

177 935 326 997 comoedis
338 951 433 997 'eoena
446 934 646 1019 distinguitur,
661 948 696 1000 ut
707 935 873 1022 voluptate·
891 956 968 1021 quo-

178 1063 238 1126 que
249 1040 351 1103 studiis
364 1041 551 1105 condiantur.
597 1041 695 1106 Sumit
707 1041 819 1127 aliquid
829 1044 867 1107 de
880 1042 969 1109 notit

177 1152 212 1213 &
225 1146 333 1210 aestate.
377 1146 505 1212 Nemini
527 1148 586 1211 hoc
599 1148 724 1232 longum
742 1149 794 1225 est,
816 1161 900 1215 tanta
916 1171 968 1216 ω-

178 1257 286 1320 mitate
298 1256 470 1320 convivium
485 1256 622 1321 trahitur.
669 1255 746 1321 Inde
759 1256 803 1319 illi
821 1255 884 1340 post
904 1255 968 1342 sep-

177 1363 290 1426 timum
303 1363 335 1427 &
348 1361 591 1447 septuagefimum
605 1382 721 1427 annum
734 1362 853 1426 aurium
865 1363 969 1428 oculo-

169 1489 307 1553 rumque
331 1471 417 1553 vigor
437 1470 562 1552 integer,
588 1470 658 1532 inde
681 1468 809 1553 agile&
833 1466 969 1534 vividum

180 1597 300 1659 corpus,
319 1574 435 1661 solaque
449 1597 487 1642 ex
500 1575 649 1640 seneetute
667 1574 834 1659 prudentia.
878 1573 971 1642 Ham

180 1703 240 1765 ego
261 1684 353 1746 vitam
377 1696 448 1746 voto
472 1683 503 1747 &
531 1682 709 1765 cogitatione
730 1678 889 1765 praesumo,
921 1681 969 1746 in·

179 1787 326 1873 greiiurus
351 1788 525 1866 avidiss‘me,
555 1800 590 1852 ut
615 1788 747 1872 primunr
771 1788 846 1853 ratio
873 1788 970 1854 atati·

178 1897 309 1981 receptui
320 1916 425 1959 canere
437 1894 610 1982 penniferit.
647 1894 774 1959 Interim
785 1894 871 1959 mille
884 1895 969 1960 iabo-

179 2005 262 2067 ribus
283 2016 432 2079 conteror,
459 2021 589 2086 quorum
614 2000 691 2063 mihi
711 2001 744 2065 ὅτ
764 1998 913 2079 solatium,
937 2002 969 2068 ἃ

177 2111 351 2195 exemplum
365 2108 406 2171 est
419 2109 500 2172 idem
515 2107 673 2192 Spurinna.
717 2105 805 2172 Nam
822 2108 877 2172 ille
892 2129 968 2196 quo-

178 2239 257 2302 que,·
271 2218 370 2301 quoad
386 2214 543 2279 honestum
565 2211 637 2290 fuit,
660 2212 735 2277 obiit
756 2210 866 2291 offida,
887 2213 969 2300 geu'n

179 2324 376 2407 magistratus,
398 2321 566 2406 provincias
587 2321 675 2397 rexit,
698 2320 853 2405 multoque
868 2320 970 2386 labore

180 2431 238 2493 hoc
262 2431 357 2494 otium
377 2428 497 2491 meruit.
543 2424 642 2511 Igitur
655 2426 785 2490 eundem
803 2425 880 2490 mihi
900 2446 968 2491 eur·

179 2535 257 2614 sum,
272 2539 401 2599 eundem
411 2534 575 2597 terminum
589 2531 695 2611 statuo,
710 2535 800 2620 idque
807 2532 874 2620 jam
887 2552 969 2597 nunc

178 2646 259 2728 apud
273 2656 302 2706 te
316 2641 468 2723 subfign0:
494 2652 528 2702 ut
549 2638 571 2702 fi
585 2657 635 2703 me
653 2640 771 2724 longius
784 2635 871 2703 evehi
883 2638 968 2701 uide·

179 2752 231 2826 ris,
251 2751 283 2814 in
299 2750 352 2835 jus
366 2767 454 2810 voces
475 2748 513 2809 ad
538 2747 617 2810 hane
638 2746 790 2832 epistolam
804 2763 916 2819 mem
937 2743 969 2808 &

177 2855 323 2942 quiescere
344 2854 451 2939 jubeas
475 2873 546 2917 cum
568 2852 682 2916 inertiae
695 2853 808 2916 crimen
821 2845 965 2934 effugeru.

179 2962 268 3029 Vale.
