2317 3767
213 276 276 377 306
382 297 415 345 c.
446 297 562 345 reru.
593 298 857 346 rrrsrouur.

213 441 276 507 adit
289 439 485 524 magistratus,
509 455 625 519 monet,
640 441 776 505 utillum
797 442 899 505 locum
917 437 1012 504 effodi

208 546 345 630 jubeant.
390 545 593 613 Inveniuntur
619 548 681 613 olia
709 546 817 611 inserta
839 546 951 609 eatenis
979 548 1015 611 &⁴

215 652 370 737 implicita,
396 673 464 736 quae
489 661 596 737 corpus
618 676 685 719 aevo
712 665 849 738 terraque
861 640 1013 736 putrefae·

214 772 281 824 tum
295 758 420 823 nuda&
435 756 520 820 exesa
539 760 698 843 reliquerat
713 760 842 822 uinculis
855 784 863 822 ε
887 758 1013 821 collella

215 863 332 950 publice
346 861 545 947 sepeliuntur:
571 866 680 928 domus
700 866 798 949 postea
815 865 870 928 rite
882 862 1013 927 conditis

217 968 357 1032 manibus
371 969 474 1031 caruit.
520 969 560 1033 Et
579 971 645 1033 haec
658 970 780 1054 quidem
794 969 1013 1034 affirmantibus

216 1076 326 1138 credo:
351 1074 426 1138 illud
441 1072 588 1139 affirmare
604 1077 670 1139 aliis
683 1077 811 1161 polium.
856 1075 908 1139 Est
921 1076 1012 1138 liber-

217 1197 265 1246 tus
277 1180 354 1243 mihi
368 1179 506 1258 Marcus,
523 1202 586 1245 non
600 1183 769 1258 illiteratus,
791 1203 861 1245 cum
876 1181 934 1243 hoc
953 1180 1015 1242 mi-

216 1306 273 1350 nor
285 1283 377 1348 frater
390 1287 497 1349 eodem
511 1287 590 1350 lello
609 1287 787 1371 quiescebat.
832 1287 865 1351 Is
878 1285 957 1349 visus
973 1285 1014 1348 est

218 1392 270 1457 libi
279 1412 398 1454 temere
411 1395 561 1475 quendam
576 1393 608 1455 in
622 1407 687 1456 toro
702 1393 887 1470 residentem,
905 1394 1013 1455 admo·

219 1509 398 1582 ventemque
410 1498 500 1581 capiti
527 1495 580 1561 suo
608 1500 731 1575 cultros,
747 1513 835 1583 atque
860 1499 950 1562 etiam
976 1520 1014 1562 ex

220 1603 281 1687 ipso
294 1605 404 1665 vertice
415 1616 619 1686 amputantem
634 1605 766 1687 capillos.
811 1604 875 1667 Ubi
901 1605 1015 1681 illuxit,

219 1709 278 1793 ipse
297 1710 375 1773 circa
392 1710 533 1772 verticem
546 1708 658 1786 tonsus,
674 1712 773 1794 capilli
783 1711 916 1796 jacentes
931 1710 1016 1793 repe-f

220 1815 346 1878 fiuntur.
391 1814 545 1899 Exiguum
557 1816 699 1899 temporis
710 1817 856 1892 medium,
869 1817 900 1879 &
913 1814 1013 1878 rursus

219 1919 313 1983 fimile
331 1921 413 1983 aliud
427 1921 518 2004 priori
532 1920 624 1983 fidem
643 1918 724 1985 fecit.
769 1921 849 1985 Puer
861 1922 894 1983 in
914 1923 1016 2005 preda-
1146 1918 1147 1943 ³

219 2025 309 2108 gogio
321 2024 423 2087 mistus
437 2026 571 2109 pluribus
586 2027 751 2090 dormiebat
765 2053 773 2090 :
804 2039 950 2090 venerunt
963 2046 1017 2111 per

221 2127 360 2192 fenestras
375 2130 430 2214 (ita
442 2128 553 2210 narrat)
563 2133 594 2194 in
606 2133 715 2195 tunicis
729 2133 804 2196 albis
815 2135 887 2210 duo,
900 2134 1015 2195 cuban-

221 2247 340 2317 temque
354 2235 573 2299 detonderunt:
602 2238 633 2301 &
647 2260 707 2322 qua
721 2250 874 2314 venerant,
895 2237 1017 2300 remise*

221 2351 302 2403 runt.
345 2339 439 2404 Hunc
458 2362 576 2425 quoque
596 2342 727 2420 tonsum,
752 2342 1018 2428 sparsosque'circa

220 2447 342 2531 capillos
356 2446 418 2509 dies
431 2446 567 2524 ostendit.
590 2455 594 2461 ’
611 2447 703 2513 Nihil
723 2450 855 2513 notabile
868 2448 1014 2524 secutum,

222 2536 277 2615 nili
290 2549 379 2629 forte,
395 2555 475 2637 quod
485 2574 547 2617 non
561 2537 607 2617 fui
617 2575 705 2618 reus:
722 2552 853 2630 futurus,
866 2553 888 2616 li
903 2553 1018 2617 Domi-
1032 2551 1036 2557 “

222 2659 332 2736 tiernus,
346 2658 400 2723 sub
414 2681 474 2743 quo
488 2661 554 2727 haec
567 2660 751 2735 acciderunt,
766 2659 879 2722 diutius
886 2658 1014 2723 vixisset.

221 2764 308 2828 Nam
325 2764 357 2827 in
378 2763 483 2828 scrinio
496 2765 560 2849 ejus
575 2768 664 2828 datus
677 2767 695 2830 ἃ
715 2764 798 2830 Caro
812 2767 849 2828 de
863 2786 914 2831 me
927 2764 1016 2827 libel·

222 2870 270 2932 lus
289 2870 427 2934 inventus
440 2869 491 2947 est,
518 2891 556 2934 ex
575 2892 637 2955 quo
657 2872 818 2957 conjeRari
828 2871 931 2956 potest,
946 2872 1017 2955 quia

221 2973 279 3038 reis
295 2976 387 3038 moris
398 2974 438 3039 eil
453 2974 625 3039 submittere
642 2977 796 3060 capillum,
822 2976 928 3040 recisos
949 2997 1016 3038 me·
