2317 3767
234 274 307 345 28⁶«
408 299 442 346 e.
472 298 586 345 rurs.
616 297 876 350 ssrrsroaarr.

296 564 372 611 x11.
407 565 441 611 C·
471 567 618 611 PLINIUS
646 566 813 612 MINUTIO
838 566 905 612 SUO
931 564 960 610 8.

234 711 451 822 Lreeasure
473 754 639 823 formatum
663 761 680 823 Ξ
700 780 762 836 me,
782 758 855 823 ficut
874 778 1024 842 exegeras,

231 882 292 947 quo
304 863 417 928 amicus
433 879 514 942 tuus,
532 866 629 929 immo
642 865 739 929 noster
762 865 846 950 (quid
861 865 943 927 enim
963 884 1026 927 non

230 989 391 1033 commune
419 972 506 1036 nobis
521 968 547 1051 ?)
576 970 598 1035 fi
631 993 678 1035 res
706 970 847 1055 posceret,
882 982 1023 1032 uteretur.

231 1073 304 1139 Mifi
323 1076 378 1140 tibi
403 1077 471 1141 ideo
485 1077 608 1153 tardius,
637 1098 676 1139 ne
702 1091 820 1162 tempus
846 1076 1024 1138 emendandi

122 1217 124 1223 ,
230 1201 312 1258 eum,
340 1182 371 1245 id
385 1183 426 1246 est
447 1181 631 1267 disperdendi
654 1183 799 1246 haberes:
827 1182 952 1244 habebis
977 1192 1023 1242 ta-

230 1304 322 1351 men:
353 1310 391 1352 an
421 1289 610 1364 emendandi,
641 1287 750 1364 nesci0,
780 1288 883 1371 utique
908 1284 1023 1369 disper·

231 1394 333 1472 dendi,
356 1393 449 1479 (ὑμεῖς
463 1397 524 1478 γαῖρ
541 1390 711 1480 nandium)
728 1394 842 1478 optima
856 1414 983 1478 quaeque
1001 1393 1023 1456 sr

229 1501 400 1564 detraxeris.
445 1501 538 1586 Quod
567 1501 588 1564 sr
614 1499 729 1577 feceris,
754 1501 826 1564 boni
854 1498 1018 1563 consulam.

230 1603 334 1668 Postea
346 1607 428 1668 enim
442 1607 501 1669 illis
523 1606 680 1690 exaliqua
704 1606 865 1683 occasione,
890 1619 924 1669 ut
948 1605 1023 1668 meis

230 1723 306 1774 urar.
351 1710 392 1775 Et
405 1712 549 1775 beneficio
561 1710 668 1775 fastidii
683 1712 727 1774 tui
742 1711 800 1797 ipse
815 1713 970 1788 laudabor,
989 1722 1022 1773 ut

229 1816 261 1879 in
274 1836 323 1892 ee,
339 1819 418 1900 quod
430 1821 607 1882 adnotatum
621 1819 765 1896 invenies,
788 1820 818 1883 δι
833 1817 919 1902 supra
933 1816 1021 1900 scrip-

229 1935 261 1985 to
271 1924 356 1987 aliter
371 1925 554 2009 explicitum.
599 1924 686 1989 Nam
707 1945 778 1987 cum
803 1921 959 2007 suspicarer
971 1919 1022 1985 fu-

229 2039 343 2106 turum,
364 2041 398 2093 ut
419 2031 473 2094 tibi
488 2032 633 2095 tumidius
648 2031 808 2105 videretur,
824 2031 904 2114 quod
919 2028 958 2091 est
977 2027 1023 2091 so-

120 2215 124 2223 ·
228 2133 350 2198 nantius
369 2135 401 2198 &
414 2136 531 2213 elatius,
543 2157 616 2203 non
632 2137 764 2198 alienum
786 2135 965 2210 existimavi,
985 2155 1025 2196 ne

229 2250 259 2301 te
277 2250 441 2324 torqueres,
458 2242 565 2304 addere
579 2242 677 2303 statim
692 2239 811 2324 preffius
830 2240 973 2325 quiddam
991 2238 1023 2303 ἃ

229 2344 348 2423 exilius,
369 2347 418 2408 vel
434 2348 533 2430 potius
546 2347 692 2409 humilius
706 2347 737 2409 ὅ(
751 2347 847 2430 pejus,
862 2346 956 2408 vestro
974 2357 1022 2408 ta·

229 2468 301 2514 men
318 2452 433 2538 judicio
456 2453 573 2517 reeiius.
621 2451 688 2516 Cur
716 2452 797 2514 enim
826 2471 888 2514 non
916 2449 1022 2534 usque·

229 2576 347 2643 quaque
361 2560 536 2622 tenuitatem
560 2559 686 2622 vestram
712 2557 847 2642 insequar
865 2559 896 2620 dc
920 2557 1021 2638 exagi-

228 2666 316 2727 tem?
372 2664 461 2743 Haec,
482 2677 516 2728 ut
544 2666 621 2728 inter
645 2664 712 2727 istas
733 2664 941 2748 occupationes
966 2661 1021 2723 eli-

230 2771 303 2856 quid
324 2773 484 2856 aliquando
505 2772 626 2848 rideres,
650 2771 725 2833 illud
738 2769 823 2833 serio.
869 2767 960 2844 Vide,
987 2777 1021 2829 ut

230 2878 460 2941 mihiviaticum
469 2868 587 2953 reddas,
606 2879 686 2960 quod
697 2875 830 2960 impendi
840 2877 910 2937 data
919 2893 1020 2959 opera,

230 2979 347 3046 cursore
371 2981 499 3046 dimiffo.
538 2982 602 3047 Nae
615 2995 660 3060 tu,
676 3000 746 3045 cum
760 2982 945 3065 hoclegeris,
961 2998 1022 3042 non
