2317 3767
231 280 294 350 334
400 283 863 330 c.rrru.rr›1s·rounr.

230 426 392 508 antiquitus
407 425 586 502 institutum,
608 438 641 487 ut
653 429 671 489 Ξ
685 427 849 512 majoribus
860 439 947 501 natu,
963 447 1028 490 non

229 531 351 593 auribus
366 533 468 606 modo,
493 552 599 594 verum
617 532 708 593 etiam
721 533 815 595 oculis
830 530 1022 607 disceremus,

229 656 298 721 quae
311 634 457 712 facienda,
483 658 555 700 mox
569 637 631 721 ipfi‚
653 659 687 699 ac
705 659 758 720 per
778 638 857 700 vices
878 637 1023 722 quasdam

229 743 373 803 tradenda
397 743 564 805 minoribus
584 744 774 805 haberemus.
821 742 898 829 Inde
921 744 1024 805 adole-

230 844 351 909 scentuli
378 846 475 909 statim
508 847 697 911 castrensibus
722 848 871 932 stipendiis
902 850 1021 912 imbue-

230 953 349 1028 bantur,
372 966 406 1014 ut
419 954 564 1036 imperare
580 956 720 1036 parendo,
737 957 827 1016 duces
837 975 934 1036 agere,
949 956 1024 1015 dum

230 1057 403 1142 sequuntur,
430 1056 633 1121 assuescerent.
686 1058 762 1121 Inde
791 1061 920 1121 honores
945 1058 1021 1141 peti·

231 1165 291 1227 turi
311 1163 482 1227 adsistebant
500 1163 591 1225 curiae
611 1161 737 1240 foribus,
760 1166 791 1227 ἃ
812 1163 924 1226 confilii
945 1164 1021 1245 pub·

231 1270 280 1333 lici
294 1267 466 1353 spediatores
481 1280 641 1351 antequam
656 1268 802 1332 consortes
815 1282 909 1332 erant.
944 1268 1021 1331 Suus

232 1377 337 1459 cuique
351 1391 457 1458 parens
472 1395 525 1457 pro
542 1373 692 1457 magistro,
715 1386 766 1438 aut
779 1376 827 1438 cui
842 1396 946 1458 parens
959 1394 1021 1436 non

231 1484 304 1556 erat,
323 1482 474 1542 maximus
496 1478 618 1562 quisque
638 1481 668 1542 ἃ
683 1479 888 1542 uetustiffimus
903 1502 957 1563 pro
970 1502 1021 1563 pa·

232 1601 325 1648 rente.
369 1584 451 1669 Qiae
473 1584 597 1668 potestas
618 1582 832 1648 referentibus?
853 1588 933 1668 quod
953 1606 1021 1648 cen·

233 1690 442 1775 sentibusjus?
467 1711 535 1774 quae
553 1691 600 1753 vis
614 1691 850 1773 magistratibus?
875 1714 944 1775 quae
964 1714 1022 1754 cae-

232 1797 302 1858 t'eris
313 1797 453 1859 libertas?
478 1797 529 1859 ubi
544 1798 731 1859 cedendum?
749 1797 800 1861 ubi
815 1797 1018 1859 resistendum?

233 1905 312 1987 quod
343 1901 454 1965 silentii
474 1904 614 1985 tempus?
647 1903 714 1986 quis
739 1903 855 1965 dicendi
887 1901 1017 1964 modus?

232 2030 300 2091 quae
314 2008 459 2070 distindiio
481 2009 678 2090 pugnantium
697 2007 926 2071 sententiarum?
954 2028 1022 2089 quae

124 2178 129 2189 ,
233 2113 367 2175 executio
379 2114 526 2196 prioribus
541 2114 653 2196 aliquid
667 2114 860 2176 addentium?
885 2112 1022 2176 Omnem

232 2218 359 2301 denique
374 2219 562 2280 Senatorium
578 2239 707 2294 morem,
725 2220 805 2302 quod
820 2217 1021 2281 fideliffimum

232 2324 419 2409 praecipiendi
442 2345 545 2407 genus,
573 2324 717 2406 exemplis
741 2326 933 2386 docebantur.
978 2321 1023 2384 At

233 2451 288 2492 nos
298 2430 425 2514 juvenes
441 2428 556 2492 fuimus
566 2429 689 2512 quidem
705 2429 736 2490 in
753 2428 869 2491 castris:
891 2427 940 2490 sed
953 2449 1024 2490 cum

234 2534 363 2618 susped'ta
376 2535 482 2612 virtus,
504 2536 610 2598 inertia
624 2535 655 2596 in
676 2535 782 2617 pretio,
809 2555 879 2596 cum
898 2535 1024 2597 ducibus

235 2642 393 2705 auotoritas
401 2643 496 2717 nulla,
507 2642 590 2703 nulla
601 2641 746 2702 militibus
752 2641 940 2716 verecundia,
953 2638 1022 2702 nuf-

235 2770 326 2831 quam
349 2748 521 2830 imperium,
548 2745 693 2829 nusquam
713 2744 899 2828 obsequium,
922 2746 1025 2807 omnia

235 2855 339 2930 soluta,
351 2855 480 2928 turbata,
494 2865 582 2936 atque
593 2852 685 2914 etiam
696 2851 728 2913 in
737 2852 918 2914 contrarium
930 2849 1025 2926 versa,

234 2939 381 3045 postremo
406 2956 604 3023 obliviscenda
634 2957 728 3039 magis
761 2977 854 3040 quam
883 2957 1024 3019 tenenda.
