2317 3767
421 278 697 327 uiuunt.
937 282 959 351 3

162 423 234 485 tatis
246 421 395 485 exuerint.
417 421 486 486 Nifi
497 434 601 485 tamen
615 424 736 486 auribus
750 421 856 487 nostrin
870 422 961 485 bibli·

163 529 258 611 opolae
271 528 479 592 blandiuntur.
511 527 568 592 Sed
583 527 651 590 sane
666 527 868 604 blandiantur,
884 529 960 590 dum

163 654 215 716 per
232 634 292 697 hoc
315 633 508 696 mendacium
534 633 623 696 nobis
644 632 740 696 studia
761 631 858 696 nostra
873 651 959 697 com-

163 741 320 802 mendent.
367 737 457 801 Vale.

188 941 247 1014 m.
274 967 308 1012 c.
332 965 482 1010 numus
506 965 666 1013 cnuuuo
690 965 786 1012 nuno
809 964 878 1011 suo
901 966 930 1010 s.

170 1110 301 1241 Qum
323 1158 384 1240 agit
400 1154 549 1233 Comum,
573 1170 646 1235 tuae,
667 1177 802 1241 meaeque
821 1157 957 1221 deliciae?

165 1264 240 1346 quid
268 1261 473 1325 suburbanum
507 1262 767 1327 amoeniffimum?
801 1262 873 1345 quid
908 1263 961 1326 illa

167 1368 311 1450 porticus,
335 1388 426 1429 verna
446 1365 584 1452 semper?
617 1367 689 1451 quid
704 1369 867 1435 πλατανιδν
887 1389 960 1453 opa-

169 1472 326 1535 ciffimusi
350 1472 421 1556 quid
445 1471 576 1557 Euripus
599 1472 715 1548 viridis,
739 1473 770 1536 &
788 1474 966 1555 gemmeus?

170 1578 243 1661 quid
270 1576 430 1661 sulpeum,
461 1579 492 1640 &
522 1577 652 1641 serviens
675 1579 782 1641 lacus?
810 1577 883 1661 quid
912 1576 963 1639 illa

153 1683 286 1758 mollis,
318 1684 349 1745 &
369 1697 470 1746 tamen
496 1683 589 1746 solida
615 1682 759 1767 gestatio?
793 1685 867 1767 quid
897 1683 963 1746 bal·

173 1809 266 1851 neum
289 1789 376 1865 illud,
398 1790 478 1873 quod
503 1789 651 1874 plurimus
673 1788 716 1853 sol
730 1789 835 1873 implet
855 1792 886 1855 &
900 1789 961 1852 cir·

170 1894 287 1957 cumit?
315 1895 388 1977 quid
409 1894 538 1957 triclinia
560 1896 613 1958 illa
626 1894 799 1979 popularia?
825 1896 897 1979 quid
911 1896 964 1958 illa

170 2003 361 2086 paucorum?
398 2002 472 2085 quid
500 2002 638 2065 cubicula
668 2002 775 2065 diurna
802 2003 963 2066 noiiuma·
998 2077 1000 2080 ¹

170 2110 253 2193 que?
280 2106 460 2191 poffidentne
485 2120 526 2184 te,
549 2105 651 2192 &per
672 2110 751 2171 vices
773 2109 962 2191 partiuntur?

171 2214 237 2292 An,
262 2225 297 2276 ut
320 2211 443 2289 solebas,
467 2214 632 2277 intentione
655 2215 698 2277 rei
716 2210 874 2277 familiaris
891 2214 966 2277 obe·

171 2323 275 2396 undae,
306 2320 416 2382 crebris
444 2318 664 2383 excursionibus
691 2320 849 2382 avocatis:
884 2318 906 2382 si
935 2330 966 2382 te

171 2426 328 2512 possident,
346 2422 419 2489 felix
439 2424 599 2510 beatusque
613 2446 667 2489 es:
694 2425 737 2489 fin
751 2426 865 2502 minus,
887 2445 966 2488 unus

173 2554 211 2595 ex
226 2532 342 2595 multis.
374 2530 460 2616 Qiin
474 2544 508 2594 tu
528 2530 707 2616 (tempusest
721 2526 816 2609 enim)
835 2531 967 2594 humiles

175 2639 206 2702 &
228 2636 359 2700 sordidas
377 2656 464 2700 curas
485 2637 551 2700 aliis
574 2639 718 2700 mandas:
750 2637 781 2701 ἃ
805 2636 864 2721 ipse
882 2648 912 2699 te
934 2635 966 2697 in

175 2745 237 2807 alto
249 2742 304 2807 isto
317 2742 478 2826 pinguique
491 2741 597 2806 secem
616 2742 717 2807 studiis
731 2741 850 2806 adseris.
896 2739 968 2804 Hoc

174 2850 212 2914 fit
226 2848 379 2932 negotium
390 2860 490 2925 tuum,
509 2850 568 2912 hoc
588 2850 696 2925 otium,
719 2849 769 2912 hic
782 2850 879 2923 labor,
901 2845 982 2911 hucx

172 2957 273 3041 quies,
300 2954 334 3019 in
348 2953 396 3018 his
415 2954 528 3039 vigilia,
553 2955 586 3018 in
608 2955 656 3018 his
677 2955 770 3019 etiam
784 2951 906 3019 somnue
919 2971 966 3016 re·

545 3058 572 3125 B
594 3077 613 3127 2
