2317 3767
375 307 564 353 einen
611 305 682 351 vn.
875 302 937 372 3¹3

148 451 249 517 Massa
263 449 426 526 censuerat,
435 462 476 513 ut
489 451 569 513 bona
590 449 655 534 ejus
679 445 796 532 publice
809 443 938 509 custodi-

147 569 260 627 rentur.
320 555 442 620 Senecio
480 576 555 618 cum
585 552 759 637 exploraffet
790 547 938 616 Consules

146 662 390 746 postulationibus
415 675 583 736 vacaturos,
616 659 757 722 convenit
783 678 852 720 me:
892 658 936 732 &,

149 792 204 853 qua
219 767 375 843 coneordia,
391 764 499 850 inquit,
522 766 678 850 injuneiam
692 764 770 828 nobis
782 757 938 850 aecusaiio·

150 898 210 937 nem
222 873 332 943 executi
334 872 450 963 sumus,
476 871 530 934 hac
548 873 680 934 adeamus
703 858 843 957 consulti,
853 881 938 954 pera·

131 1042 132 1046 ,
150 979 330 1064 ωα]ᾳιισ,,,ηι
352 978 422 1040 bona
436 977 562 1061 diffipari
576 976 689 1061 fiuant,
715 999 831 1059 quorum
844 975 894 1060 effe
907 973 939 1036 in

149 1083 272 1168 custodia
286 1082 392 1147 debent.
437 1082 599 1165 Respondi,
625 1083 695 1144 Cum
697 1077 789 1166 fimus
805 1079 940 1144 advocari

151 1195 171 1250 ei
187 1189 291 1251 Senatu
299 1187 373 1264 daei,
388 1187 501 1274 dispice,
523 1211 589 1250 num
598 1195 731 1272 perebius
750 1200 832 1273 putee
840 1199 940 1272 partes

151 1296 257 1379 nostras
272 1287 391 1356 Senatus
411 1292 561 1376 cognitione
578 1291 704 1380 finita?
746 1291 787 1355 Et
807 1292 870 1367 ille,
892 1291 939 1355 Tu

149 1397 229 1484 quem
244 1402 319 1463 voles
343 1400 398 1462 tibi
419 1399 567 1463 terminum
569 1401 693 1483 statues,
709 1397 757 1461 cui
779 1399 858 1461 nulla
877 1422 940 1461 cum

146 1505 297 1591 provincia
308 1505 477 1590 neceffltude,
501 1504 553 1589 nifi
570 1528 605 1567 ex
619 1503 746 1590 benefitio
760 1517 818 1580 tuo,
842 1506 877 1569 Θ
890 1501 940 1565 hoc

153 1610 278 1673 recenti:
304 1610 360 1696 ipse
373 1613 407 1674 Θ
421 1624 503 1673 natus
516 1609 568 1685 ibi,
596 1614 630 1675 &5
644 1610 779 1698 Qestor
794 1609 824 1672 in
837 1608 937 1694 eafui.

153 1714 243 1778 Tum
257 1737 323 1797 ego,
339 1717 374 1778 Si
379 1717 472 1801 fixum
486 1714 541 1780 ribi
554 1715 630 1801 istud
640 1740 674 1778 ac
687 1715 882 1790 deliberatum,
888 1714 940 1800 se-

153 1844 229 1903 quar
252 1834 296 1883 te.-
319 1836 351 1883 ut
367 1823 469 1906 fiqua
490 1845 524 1884 ex
540 1820 591 1884 hoc
604 1821 716 1884 invidia
730 1821 798 1897 erit,
824 1845 877 1884 non
890 1834 942 1885 tua

152 1939 262 1989 tantum
275 1926 330 2012 fit.
375 1926 524 1990 Venimus
546 1929 584 1988 ad
608 1925 692 1990 coff.
722 1927 795 1988 dicit
820 1925 943 1990 Senecio

153 2054 221 2117 quae
241 2055 287 2095 res
313 2030 442 2095 ferebat:
474 2031 746 2117 aliqunsubjungo.
779 2014 854 2095 'vix
866 2035 941 2095 dum

152 2141 403 2214 conticueramus,
425 2140 455 2202 &
478 2138 591 2215 Malia,
615 2137 731 2222 questus
750 2136 943 2202 Senecionem

153 2266 214 2307 non
228 2246 363 2308 advocati
379 2245 483 2321 fidem,
499 2244 547 2307 sed
570 2245 684 2308 inimici
711 2244 943 2307 amaritudinem
972 2276 973 2279 ¹

155 2350 298 2432 impleffe,
332 2351 492 2435 impietatis
516 2371 602 2413 reum
633 2349 768 2434 postulat.
826 2349 950 2414 Horror

155 2457 312 2519 omnium:
339 2477 395 2539 ego
407 2471 520 2532 autem,
539 2455 654 2530 Vereor,
669 2455 802 2538 inquam,
826 2454 950 2539 clurrffi·¹

156 2559 197 2623 mi
212 2559 350 2644 Consules,
373 2586 406 2624 ne
427 2562 498 2624 mihi
511 2560 611 2648 Mcffle
612 2561 725 2645 silentio
733 2559 790 2647 suo
797 2557 946 2646 prevari-

157 2664 290 2755 cationem
303 2665 445 2750 objecerit,
466 2669 541 2751 quod
552 2691 604 2730 non
619 2670 655 2733 δ’
668 2690 710 2730 me
731 2688 809 2730 rerem
822 2664 946 2749 postula·

79 2851 82 2855 ¹
155 2770 213 2833 vit.
269 2769 350 2854 Qut
379 2792 439 2834 vox
459 2773 489 2835 ἃ
518 2771 614 2834 statim
637 2783 771 2856 excepta,
796 2770 827 2833 &
851 2765 948 2852 postea

157 2876 256 2939 multo
277 2874 410 2939 sermone
438 2878 585 2939 celebrata
603 2875 654 2938 est.
699 2875 801 2940 Divus
825 2874 947 2957 quidem

156 2977 264 3045 Nerva
287 2982 370 3065 (nam
397 2982 529 3066 privatus
551 3002 670 3066 quoque
693 2980 863 3044 attendebat
886 2979 946 3056 his,
