2317 3767
230 296 271 358 42
387 296 420 341 c.
446 296 559 342 auin.
585 296 848 344 rr1srounr.

253 565 363 611 xxm.
396 566 430 611 C·
459 566 606 612 PLINIUS
634 565 799 620 POMPEIO
834 569 995 615 mcortt

557 672 625 718 SUO
657 675 686 718 S.

234 816 456 945 Cousurrs,
466 889 505 931 an
513 867 678 932 existimem
686 883 715 933 te
725 868 939 934 inTribunatu
948 891 1017 934 cau·
1129 923 1131 930 ,

232 971 277 1035 sas
298 994 382 1058 agere
406 976 530 1040 decere?
562 974 734 1039 Plurimum
754 973 844 1039 refert
868 976 1018 1066 quidesse

232 1077 441 1145 Tribunatum
462 1096 564 1166 putes:
588 1079 709 1145 inanem
729 1084 880 1159 umbram,
906 1084 938 1146 dc
958 1082 1018 1145 stne

231 1185 345 1248 honore
358 1207 481 1264 nomen,
504 1209 543 1250 an
557 1187 728 1271 potestatem
742 1186 966 1264 sacrosanctam,
987 1190 1018 1253 δι

232 1311 325 1375 quam
345 1292 378 1355 in
391 1294 527 1357 ordinem
541 1294 619 1377 cogi,
642 1308 676 1357 ut
693 1293 711 1357 ai
730 1295 826 1370 nullo,
846 1293 888 1357 ita
902 1295 972 1358 neri
989 1295 1018 1357 fe

232 1396 354 1480 quidem
379 1400 490 1463 deceat.
543 1400 609 1485 Ipse
636 1420 706 1464 cum
731 1398 891 1464 Tribunus
915 1399 1016 1477 effem,

232 1507 393 1570 erraverim
406 1503 535 1583 fortaffe,
556 1506 608 1590 qui
623 1527 672 1569 me
691 1505 747 1570 effe
766 1505 878 1593 aliquid
891 1505 993 1592 putavi
1006 1530 1015 1585 3

233 1609 282 1673 sed
308 1625 451 1694 tanquam
475 1611 577 1686 essem,
608 1611 732 1675 abstinui
757 1613 847 1677 causis
875 1614 1016 1698 agendis:

232 1717 375 1801 primum,
400 1719 480 1800 quod
502 1714 636 1782 deforme
655 1718 829 1796 arbitrabar,
852 1719 900 1783 cui
925 1719 1017 1783 affur-

232 1844 312 1906 gere,
335 1823 384 1886 cui
408 1823 475 1886 lodo
499 1826 602 1887 cedere
625 1845 730 1889 omnes
754 1838 912 1910 oporteret,
938 1827 1018 1889 hunc

233 1929 373 1993 omnibus
393 1927 558 1995 sedentibus
573 1930 667 1994 stare:
691 1932 787 2016 &qui
801 1932 906 2017 jubere
927 1930 1019 2016 potfet

233 2046 329 2120 tacere
350 2053 569 2120 quemcunque,
597 2036 668 2099 huic
696 2036 844 2100 silentium
872 2035 1026 2123 clepsydra.

232 2142 334 2219 indici,
350 2143 484 2225 &quem
499 2138 632 2205 interfari
643 2139 728 2205 nefas
738 2142 820 2220 effet,
835 2143 917 2207 hunc
930 2144 1019 2207 etiam

228 2246 363 2312 convitia
377 2247 489 2325 audire,
508 2250 540 2312 dc
552 2248 574 2311 fr
588 2248 684 2312 inulta
697 2262 855 2333 pateretur,
876 2247 1017 2313 inertem:

230 2353 254 2416 fr
283 2351 479 2429 ulcisceretur,
510 2352 686 2417 insolentem
711 2354 816 2418 videri.
865 2354 942 2419 ¹Erat
969 2356 1020 2419 hic

230 2480 350 2545 quoque
363 2459 449 2523 aestus
460 2473 528 2523 ante
538 2462 652 2537 oculos,
664 2460 685 2523 fi
696 2457 773 2523 forte
784 2481 834 2525 me
842 2460 1020 2545 appellaffet,

233 2566 281 2629 vel
294 2565 345 2628 ille
358 2567 407 2629 cui
422 2566 560 2643 adessem,
581 2568 631 2629 vel
644 2567 694 2629 ille
707 2587 799 2650 quem
812 2581 915 2630 oontra
928 2567 1019 2629 inter·

231 2675 377 2750 cederem,
403 2674 435 2737 &
462 2673 608 2737 auxilium
629 2670 750 2749 ferrem,
779 2693 818 2736 an
841 2671 1020 2756 quiescerem

231 2778 414 2863 srleremque,
428 2780 460 2842 dc
470 2778 549 2862 quast
562 2778 678 2863 ejurato
690 2777 860 2861 magistratu
871 2779 1018 2862 privatum

232 2867 290 2970 ipfe
308 2906 357 2949 me
378 2882 519 2949 facerem.
563 2884 624 2948 His
639 2883 802 2947 rationibus
818 2898 930 2959 motus,
953 2904 1019 2945 ma-

232 2989 276 3053 lui
288 3012 338 3053 me
348 2990 503 3055 mbunum
511 2991 652 3054 omnibus
662 2989 812 3065 exhibere,
821 3011 913 3074 quam
921 2990 1020 3074 paucis
