2317 3767
424 262 618 310 eroon
665 263 745 311 vn.
918 260 982 330 279

190 401 434 487 adfiguntumque
452 415 570 488 tempus
592 403 748 488 implesset,
765 405 856 487 Rogo,
872 404 981 487 inquit,

189 506 343 585 Serviane,
353 510 600 595 pennittasunwn
607 508 727 573 verbum
736 508 869 592 adjicere.
893 506 983 573 Tum

189 634 258 696 ego,
273 634 344 676 cum
358 635 463 678 omnes
477 636 538 690 me,
549 627 583 677 ut
601 614 655 679 diu
668 613 883 698 responsurum,
900 615 982 679 intu-

180 719 542 806 erentur,Respondifflm,
555 721 691 804 inquam,
691 719 725 804 fi
734 742 818 782 unum
832 719 907 783 illud
913 743 981 785 ver·

189 823 254 889 bum
261 826 419 910 Africanus
432 825 583 911 adjmffl,
598 824 628 887 in
642 849 694 909 quo
708 849 761 888 non
773 824 871 888 dubito
891 825 982 889 omnia

189 932 365 1017 novafuiffi.
396 931 474 994 Non
488 928 575 993 facile
587 952 636 993 me
649 944 761 1015 repeto,
776 943 895 995 tanturn
909 952 983 995 oon·

190 1035 323 1099 secutum
343 1034 497 1099 adsensum
522 1038 649 1120 agendo,
672 1050 821 1120 quantum
835 1049 906 1101 tunc
921 1057 983 1099 non

190 1144 315 1225 agendo.
360 1141 503 1205 Similiter
516 1162 597 1204 nunc
610 1143 642 1204 δι
656 1143 814 1224 probatum
829 1143 860 1207 ἃ
873 1162 981 1225 excep-

189 1260 257 1308 tum
271 1246 322 1323 est,
343 1250 424 1330 quod
437 1269 490 1330 pro
506 1247 627 1310 Vareno
649 1246 793 1309 hactenus
808 1267 869 1309 non
889 1248 979 1310 tacui.

191 1350 349 1428 Consules,
374 1365 408 1415 ut
431 1352 591 1437 Polyaenus
614 1351 791 1437 postulabat,
814 1354 916 1415 omnia
934 1354 982 1415 in-

188 1472 269 1541 tegra
295 1457 425 1542 Principi
447 1456 648 1533 servaverunt,
675 1457 761 1541 cujus
782 1456 982 1539 cognitionem

189 1561 340 1646 suspensus
361 1564 495 1648 expecto.
545 1562 634 1626 Nam
656 1562 720 1624 dies
743 1561 795 1624 ille
808 1561 907 1624 nobis
928 1582 983 1644 pro

191 1667 325 1744 Vareno,
354 1681 406 1737 aut
426 1669 612 1732 securitatem
637 1667 784 1732 &otium
809 1667 904 1742 dabit,
931 1680 983 1731 aut

188 1771 386 1841 intermiffum
408 1776 542 1838 laborem
563 1786 705 1838 renovata
725 1772 911 1836 solicitudine
933 1774 981 1838 in·

184 1879 302 1964 junget
348 1879 436 1943 Vale.

234 2110 312 2155 vlt.
346 2110 379 2154 C·
405 2109 553 2155 PLINIUS
577 2108 792 2156 SATURNINO
818 2109 886 2156 SUO
909 2111 937 2155 S.

193 2254 267 2365 Er
291 2301 428 2384 proxime
442 2298 541 2363 Prisco
562 2299 671 2377 nostro,
687 2303 718 2364 δι
730 2300 840 2379 rursus,
855 2304 926 2387 quia
939 2304 980 2366 ita
1038 2326 1042 2335 ’

185 2405 298 2490 jussisti,
327 2407 435 2488 gratias
458 2407 518 2489 egi,
542 2404 731 2469 libentiffime
752 2407 885 2491 quidem.
929 2408 981 2472 Est

190 2513 270 2575 enirn
297 2513 373 2581 mihi
412 2513 642 2597 perjucundum,
676 2515 756 2595 quod
789 2513 847 2574 viri
874 2514 981 2596 optimi

135 2652 137 2661 ·
189 2616 323 2702 mihique
337 2616 504 2681 amiciffimi
518 2618 593 2679 adeo
617 2617 782 2694 cohaesrffis,
805 2629 840 2679 ut
853 2617 981 2681 invicem
1037 2667 1042 2677 ,

187 2745 242 2786 vos
260 2723 388 2807 obligari
412 2722 532 2806 putetis.
576 2720 664 2786 Nam
688 2723 739 2785 ille
764 2741 883 2804 quoque
904 2744 982 2805 με.

187 2829 308 2913 cipuam
330 2828 359 2892 se
387 2828 570 2910 voluptatem
585 2847 624 2890 ex
650 2827 782 2891 amicitia
804 2839 857 2889 tua
879 2838 1002 2912 capere

188 2933 353 3017 profitetur,
379 2944 528 3016 certatque
549 2945 651 2996 tecnrn
666 2931 865 2998 honeffifl'nno
885 2947 983 3019 certa·v
1020 2972 1023 2979 ·

546 3035 625 3123 14
