2317 3767
436 284 627 334 eroon
674 286 710 334 v.
910 284 969 353 αις

181 427 294 512 Neque
306 428 387 493 enim
402 429 506 499 dubito
519 429 577 493 esse
593 427 836 505 amoenissimam,
859 426 892 491 in
911 446 973 512 qua

180 532 209 595 se
223 534 425 617 composuerat
438 536 543 612 homo,
569 532 684 599 felicior
697 547 777 610 ante,
798 554 889 617 quam
903 531 971 598 seli-

180 638 307 702 ciffimus
326 641 419 704 lieret.
464 641 531 725 Ego
555 642 587 704 in
610 639 743 705 Thuscis
765 641 798 704 ἃ
824 642 971 707 venor&
1067 652 1071 657 “

180 744 298 811 studeo:
328 769 396 831 quae
423 749 574 811 interdum
599 747 731 824 alternis,
759 748 791 811 ἃ
819 748 970 811 interdum

179 850 265 915 fimul
279 849 374 916 sacio:
401 874 457 915 nee
470 867 571 916 tamen
587 853 685 916 adhuc
698 851 814 937 possum
837 874 970 938 pronun-

178 958 267 1034 ciare,
292 968 393 1022 utrum
415 957 451 1019 fit
473 956 634 1035 difficilius,
657 978 760 1044 capere
784 959 907 1042 aliquid,
930 979 969 1021 an
1067 951 1070 955 ’

177 1060 312 1125 scribere.
359 1059 447 1143 Vale.
471 1106 474 1111 -

247 1291 316 1335 xlx.
353 1290 387 1335 C·
413 1289 561 1336 PLINIUS
586 1290 750 1336 PAULINO
779 1291 846 1336 SUO
869 1293 897 1337 S.

179 1436 326 1549 Vrnro
342 1505 435 1569 quam
449 1483 580 1548 molliter
601 1496 670 1548 tuos
683 1481 806 1557 habeas,
828 1501 888 1564 quo
902 1480 970 1545 srm-

178 1589 283 1669 plicius
307 1590 362 1653 tibi
376 1590 561 1667 confitebor,
586 1611 655 1674 ¹qua
679 1585 865 1671 indulgentia
888 1605 971 1649 meos

178 1693 315 1757 tradem.
360 1693 411 1757 Est
433 1695 510 1757 mihi
523 1693 639 1779 semper
659 1695 691 1758 in
716 1694 819 1757 animo
846 1693 878 1758 ἃ
901 1691 993 1757 Ho·'

104 1787 107 1791 ⁵
179 1798 325 1861 mericum
338 1799 426 1875 illud,
448 1798 551 1884 πατὴρ
568 1801 587 1868 δ
599 1802 606 1826 ’
618 1799 654 1875 aie
667 1796 768 1879 sm&
781 1793 845 1880 ἦεν,
866 1800 898 1863 &
912 1799 970 1861 hoc

177 1903 322 1981 nostrum,
339 1904 560 1990 paterfamilias.
605 1905 700 1990 Quod
725 1904 851 1968 sressem
865 1917 972 1968 natura

176 2008 304 2094 asperior
327 2010 358 2074 &
379 2009 493 2087 durior,
518 2007 669 2093 frangeret
690 2032 740 2074 me
761 2023 861 2074 tamen
886 2011 970 2075 infir-

177 2116 266 2180 mitas
280 2116 379 2179 liberti
401 2116 462 2178 mei
477 2115 611 2180 Zofimi:
634 2117 684 2180 cui
701 2128 785 2180 tanto
798 2118 894 2203 major
911 2119 979 2181 hu-¹

177 2221 487 2284 manitas‘exhibenda
502 2220 554 2297 est,
577 2236 690 2305 quanto
703 2243 783 2286 nunc
803 2224 855 2286 illa
874 2225 970 2307 magis

177 2338 253 2408 eget.
298 2325 349 2389 Est
362 2327 456 2389 homo
470 2329 591 2410 probus,
606 2325 765 2406 officiosus,
780 2330 924 2405 literatus,
939 2330 970 2393 ἃ

178 2451 226 2493 ars
240 2433 360 2514 quidem
374 2432 451 2518 ejus,
472 2433 503 2496 δι
524 2432 604 2517 quafi
619 2432 779 2518 inscriptio,
800 2437 967 2511 comoedus,

176 2536 208 2598 in
223 2557 281 2620 qua
294 2539 459 2621 plurimum
469 2533 556 2605 facit.
594 2537 681 2601 Nam
703 2540 878 2622 pronunciat
892 2540 968 2602 acri·

176 2654 233 2718 ter,
257 2640 411 2726 sapienter,
433 2656 511 2728 apte,
534 2645 672 2707 decenter
690 2647 794 2722 etiam,
822 2645 915 2707 utitur
939 2645 969 2708 &

176 2747 291 2810 cithara
304 2748 408 2830 perite,
432 2750 510 2812 ultra
530 2770 622 2833 quam
638 2753 779 2834 comoedo
791 2748 903 2813 necesse
915 2749 966 2814 est.

178 2851 267 2917 Idem
281 2865 344 2915 tam
358 2856 517 2917 commode
538 2855 698 2932 orationes,
721 2856 752 2918 &
770 2852 916 2933 historias,
937 2856 982 2921 &s

176 2958 309 3021 carmina
327 2958 411 3040 legit,
438 2970 472 3021 ut
484 2960 543 3022 hoc
565 2958 662 3023 solum
675 2959 808 3024 didicisse
821 2960 966 3026 videatur.

532 3062 557 3126 P
577 3081 601 3143 4
