2317 3767
368 287 701 359 ‘areenrrn
884 312 939 358 101

152 455 292 540 quamvis
319 452 379 519 hoe
405 454 503 519 solum
525 456 607 537 quod
632 454 799 538 requirebas
820 450 944 517 seribere

152 560 348 638 destinassem,
377 582 454 645 quos
478 562 570 624 libros
598 557 768 644 reliquisset.
814 557 945 623 Confido

154 679 268 744 tamen,
284 669 350 730 haec
363 687 484 750 quoque
493 668 548 732 tibi
560 687 622 729 non
635 666 735 727 minus
744 676 839 748 grata,
851 652 944 750 quarn

155 772 230 857 ipsos
251 775 347 837 libros
376 769 490 850 futura,
516 793 586 856 quae
613 785 643 834 te
671 792 733 834 non
763 782 888 833 tantum.
905 771 944 834 ad

155 881 295 963 legendos
313 901 376 955 eos,
405 868 520 941 verim
536 880 629 941 etiam
651 879 689 940 ad
711 877 804 945 fimile
832 877 944 960 aliquid

153 987 370 1048 elaborandum
393 983 510 1068 possunt
523 982 708 1047 aemulationis
718 982 845 1067 stimulis
867 979 943 1045 exci-

41 1139 44 1144 .
116 1095 119 1098 ’
152 1103 230 1153 tare.
277 1089 366 1152 Vale.

209 1325 212 1330 ’
242 1320 359 1366 v1.·c.
389 1319 535 1365 PLINIUS
561 1317 705 1367 SEVERO
730 1315 797 1363 SUO
828 1319 856 1363 δ’.
936 1313 942 1348 5

153 1467 235 1576 ‘Ex
257 1511 429 1574 haereditate
441 1532 510 1594 quae
523 1511 601 1576 mihi
614 1510 748 1586 obvenit,
763 1510 834 1573 'emi
856 1528 945 1593 prox-

154 1611 220 1680 ime
242 1616 435 1680 Corinthium
463 1618 604 1701 signume
631 1618 785 1681 modicum
808 1617 944 1701 quidem,‘

156 1721 210 1785 sed
225 1718 360 1785 festivum
373 1723 413 1808 δι’
422 1721 601 1806 expressum,
615 1736 763 1808 quantum
777 1744 833 1808 ego
845 1721 944 1806 sapio:

76 1818 78 1822 ’
156 1824 350 1912 qui=fortaffis
364 1828 501 1891 inomni
514 1850 558 1906 re,
586 1828 617 1892 in
638 1830 695 1897 hae
708 1842 784 1892 certe
794 1841 945 1914 ‘perquam

155 1935 300 2017 exiguum
313 1934 405 2019 sapio.
449 1932 520 1998 Hoc
534 1948 637 1997 tamen
659 1933 774 2017 fignum
792 1954 849 2017 ego
867 1955 945 2019 quo-

156 2061 217 2125 que
230 2040 373 2122 intelligo.
418 2037 469 2102 Est
482 2040 564 2102 enim
579 2042 708 2115 nudum,
724 2059 778 2102 nec
792 2053 844 2103 aut
860 2040 944 2119 vitia,

154 2146 179 2208 fi
193 2167 253 2229 qua
265 2144 349 2222 sunt,
372 2144 468 2207 celat:
493 2158 545 2207 aut
565 2146 668 2208 laudes
689 2165 795 2229 parum
809 2143 946 2209 ostentat.’

157 2249 283 2333 Effingit
303 2248 402 2312 senem
421 2249 566 2313 stantem:
589 2249 662 2325 olla,
688 2249 826 2326 musculi,
850 2253 945 2329 nervi,

158 2377 256 2433 veum,
279 2350 362 2439 rtigae
383 2356 474 2422 etiam
494 2368 530 2418 ut
553 2355 688 2440 spirantis
708 2369 865 2439 apparent:
888 2357 947 2420 nari

158 2462 338 2525 &cedentes
351 2460 462 2543 capilli,
486 2463 548 2523 lata
562 2458 657 2538 frons,
680 2462 830 2525 contratia
843 2458 948 2541 facies,

158 2568 236 2629 exile
249 2568 382 2629 collum=
408 2566 537 2649 pendent
561 2566 674 2643 lacerti,
697 2567 816 2651 papillae
832 2567 945 2652 jacent,

158 2670 269 2738 recellit
290 2684 403 2735 venter.
446 2670 478 2735 Α
494 2682 577 2755 tergo
598 2692 716 2758 quoque
735 2675 838 2736 eadem
861 2684 946 2749 aetas,

161 2789 195 2839 ut
217 2775 235 2838 ai
258 2790 351 2859 tergo,
378 2797 419 2839 aes
446 2775 554 2860 ipsum,
581 2789 729 2860 quantum
758 2799 845 2841 verus
866 2777 948 2841 color

158 2882 295 2959 indicat,'
314 2883 401 2944 vetus
428 2882 459 2945 δι
487 2882 658 2966 antiquum.
704 2881 799 2948 Talia
820 2883 947 2968 denique

157 2988 273 3064 omnia,
296 2999 330 3051 ut
348 2985 455 3071 poffint
475 2984 624 3051 artificum
637 2988 740 3052 oculos
760 3000 871 3068 tenere,
894 2990 947 3055 de·
