2317 3767
225 236 268 311 66
384 256 419 304 c.
445 258 561 308 run.
588 257 851 308 erusnoenn.

220 400 330 487 juniia·
339 400 532 466 advocatione
542 400 701 484 ‘diligenter
722 398 895 485 fortiterque
914 398 1014 467 funiii

225 506 362 583 effemus,
385 506 522 571 arbitrari
541 504 688 583 senatun,
711 507 752 569 ita
776 527 831 569 nos
846 502 956 583 feeiffe,
979 519 1014 570 ut

226 613 351 696 dignum
365 611 513 678 mandatis
531 612 664 696 panibus
678 607 779 679 fuerit.
811 609 1016 684 ,Assenserunt

227 715 374 785 Consule·
409 716 560 801 defignati,
592 725 698 782 omnes
725 716 817 780 etiam
846 716 1013 780 consulares

227 821 368 908 usquead
391 821 568 909 Pompejum
588 822 765 908 Collegant:
788 823 839 885 ille
858 823 889 886 ἀ
903 820 1013 905 septin-

225 943 314 1013 genta
336 928 444 1006 millia,
477 939 545 1012 q'uae
572 940 723 1013 acceperat
749 927 881 1003 Marius,
906 928 1011 990 aemrio

225 1030 390 1111 illinenda,
416 1036 446 1098 δι
461 1032 651 1099 Mattianum
665 1034 696 1100 in
711 1033 947 1118 quinquennium
963 1055 1012 1106 τε·Ι

225 1140 397 1224 legandum,
410 1139 549 1206 Marium
558 1140 788 1223 repetundarun
798 1159 908 1222 poenae,
920 1157 1013 1221 quam

221 1244 288 1329 jam
306 1243 495 1330 panus-esset,
517 1244 630 1310 censuit
643 1244 886 1328 relinquendum
915 1243 1018 1329 Erant*

226 1350 395 1438 inumque
409 1350 551 1418 sententia
561 1350 663 1426 multi,
678 1346 795 1416 fortaffe
810 1348 900 1412 etiam
915 1349 1013 1431 plures

226 1457 259 1522 in
277 1458 335 1524 lue
359 1459 408 1522 vel
421 1455 558 1524 solutiore
572 1456 622 1518 vel
643 1455 790 1518 molliore.
833 1452 921 1517 Nam
942 1444 1024 1535 quii

225 1564 297 1628 dam
309 1583 348 1630 ex
368 1563 428 1626 illis
451 1580 580 1644 quoque,
603 1560 655 1644 qui
676 1557 815 1626 Cornuto
834 1559 1012 1623 videbantur

226 1667 338 1744 affenfi,
364 1666 445 1730 hune
469 1666 521 1748 qui
542 1664 605 1749 post
626 1662 702 1750 ipsos
722 1662 884 1741 censuerat,
910 1662 1012 1748 ioque·

225 1775 344 1837 bantur.
390 1770 447 1838 Sed
479 1792 552 1838 cum
581 1770 664 1834 fieret
687 1768 826 1847 disceffio,
859 1769 911 1854 qui
934 1768 1012 1835 sellie

227 1874 396 1943 Consulum
423 1875 584 1953 astiterant,
617 1875 650 1939 in
679 1874 810 1942 Comuti
835 1873 1012 1939 sententiam

140 2000 142 2004 ’
226 1983 269 2045 ire
282 1995 446 2067 coeperunt.
490 1980 578 2047 Tum
597 1981 654 2058 illi,
681 1982 732 2065 qui
756 1980 786 2045 se
800 1976 936 2069 Collegae
957 1982 1012 2044 ad-

226 2088 378 2152 numerari
390 2087 589 2172 patiebantur,
612 2088 644 2150 in
662 2084 811 2149 diversum
824 2086 1012 2163 transierunt,

227 2192 354 2277 Collega
377 2213 447 2258 cum
472 2192 572 2277 paucis
587 2191 717 2256 relittus.
761 2191 901 2256 Multum
914 2192 1013 2279 postea

225 2300 263 2364 de
291 2296 498 2383 impulsoribus
529 2296 600 2373 suis,
637 2297 783 2381 praecipue
811 2300 848 2360 de
880 2296 1011 2383 Regulo,

224 2403 342 2489 questus
356 2403 408 2481 est,
430 2400 523 2488 quise
537 2402 569 2468 in
583 2400 727 2466 sententia
739 2423 831 2486 quam
844 2400 903 2486 ipse
916 2402 1012 2466 dieo-

114 2503 130 2534 ’
225 2522 320 2588 verat,
334 2507 509 2574 deseruiffet.
545 2506 596 2573 Est
610 2509 722 2593 alioqui
735 2506 853 2593 Regulo
866 2520 929 2571 tam
943 2527 1011 2572 mo-

225 2618 285 2681 bile
299 2615 465 2701 ingenium,
489 2614 696 2697 utplurimum
709 2615 828 2689 audeat,
847 2612 1013 2698 plurimum

224 2722 338 2788 timeat.
382 2720 445 2785 Hic
466 2718 535 2782 finis
553 2719 730 2803 cognitionis
743 2718 938 2802 ampliisunae,
963 2716 1012 2781 su·

224 2828 316 2913 peren
328 2839 428 2892 tamen
438 2823 604 2909 λατέργιον
617 2845 679 2888 non
692 2826 769 2902 leve,
783 2821 928 2887 Hostilius
943 2820 970 2886 F
971 2822 1013 2886 ir·

224 2934 337 3013 mnu,
369 2933 484 3020 legatus
519 2929 617 2998 narn
644 2928 747 3008 Prisci,
778 2929 832 3015 qu
857 2926 1013 3014 penninos

1154 1419 1156 1476 l
