2317 3767
208 261 270 334 1'42'
365 271 400 319 e.
427 260 544 321 niu.
570 263 835 322 urr'srounr.

203 411 289 485 ὄκνον
310 411 401 497 Φέρει,
421 415 464 479 ita
477 416 558 479 rena
571 415 693 501 ingenia
706 419 842 483 debilitat
857 439 1002 483 verecun-

205 520 266 595 dia,
279 520 419 604 perve'rse
441 522 601 585 confirmat
615 525 750 588 audacia.
796 523 947 608 Exemplo
961 524 1003 589 est

206 624 353 708 Regulus,
379 628 566 691 imbecillum
585 629 675 706 latus,
697 650 731 692 os
745 626 916 707 confusum,
937 630 1002 694 hae-

206 730 302 795 siuns*
327 734 441 816 singua,
474 734 639 798 ‘tardiffima
675 734 820 810 inventiO,
854 729 1002 798 memorii

205 838 307 915 nulla:
342 840 420 902 nihil
448 840 577 922 denique
605 855 711 922 praeter
740 840 894 922 ingenium
923 838 1002 903 insa-

205 953 303 1007 num-i
337 946 368 1009 δι
396 958 498 1007 tamen
527 967 564 1008 eo
589 945 778 1029 impudentia
802 933 922 1030 ipsoque
946 946 1001 1009 illo

204 1045 306 1113 furore
318 1050 464 1135 pervenit,
491 1064 525 1113 ut
539 1052 557 1113 ἃ
570 1050 708 1134 piurimis
727 1064 828 1113 orator
841 1052 997 1114 habeatur.

205 1153 315 1238 ltaque
327 1154 501 1219 Herennius
512 1145 637 1220 Senecio
647 1156 772 1219 mirifice
784 1155 913 1220 Catonis
923 1156 1000 1219 illud

203 1262 242 1323 de
255 1273 372 1326 oratore
393 1263 426 1324 in
448 1262 531 1325 hune
550 1261 573 1326 -ὲ
594 1261 745 1326 contrario
763 1263 863 1339 vertit,
887 1261 1001 1328 Orator

203 1366 317 1430 est-vir
339 1369 449 1444 maius,
473 1369 591 1431 dicendi
617 1368 782 1451 imperitus.
836 1367 925 1445 Non,
948 1388 1001 1433 me

202 1471 349 1550 Hercule,
375 1472 457 1538 Cato
472 1472 531 1557 ipse
544 1486 608 1535 tam
623 1475 699 1536 bene
712 1493 819 1537 verum
835 1486 998 1552 oratorem,

202 1600 296 1664 quam
322 1580 371 1642 hic
397 1578 549 1661 Regulum
576 1578 725 1662 expreffit.
770 1577 912 1643 Habesne
939 1600 1002 1663 quo

203 1687 257 1749 uli
275 1683 405 1770 epistole
418 1703 521 1766 parem
543 1685 671 1766 gratiam
693 1682 826 1749 referas?
849 1686 954 1763 habes,
978 1684 1000 1750 fi

202 1788 387 1874 rescripseris,
417 1810 492 1852 num
515 1790 625 1874 aliquis
651 1791 682 1854 in
710 1791 877 1876 municipio
905 1788 1001 1855 vestro

202 1915 240 1958 ex
265 1893 413 1958 sodalibus
439 1895 525 1971 meis,
553 1916 630 1959 num
659 1897 751 1960 etiam
775 1895 835 1979 ipse
860 1908 894 1961 tu
917 1896 1000 1960 hunc

202 1998 370 2063 lueiuosum
386 2000 496 2085 Reguli
510 2003 635 2078 librum,
658 2015 692 2065 ut
705 2003 864 2068 circulator
881 2004 913 2066 in
932 1999 1000 2067 foro

201 2104 319 2187 legeris,
332 2103 452 2184 scilicet,
467 2119 503 2170 ut
517 2108 559 2170 ait
568 2107 799 2186 Demosthenes,
815 2111 924 2191 ἐπάρας
939 2108 1003 2190 τὴν

202 2210 304 2291 Φωνὴν
319 2215 371 2280 καὶ
384 2214 533 2295 γεγηθοῖς,
553 2218 605 2282 uei
620 2218 808 2299 λαρυΓγίζων.
849 2215 900 2279 Esi
913 2216 996 2280 enim

200 2331 265 2380 tam
283 2318 413 2402 ineptus,
437 2329 472 2382 ut
485 2317 577 2382 risum
592 2321 688 2403 magis
712 2320 798 2405 poffit
820 2321 998 2408 exprimere,

200 2441 293 2508 quam
314 2424 474 2506 gemitum.
520 2424 637 2492 Credas
658 2448 720 2490 non
742 2428 780 2490 de
802 2448 894 2511 puero
908 2425 998 2512 scrip·

201 2543 280 2607 tum,
304 2526 353 2592 sed
367 2526 386 2592 ὲ
400 2550 503 2613 puero.
535 2529 639 2593 Vale.
