2317 3767
417 277 714 329 urararv.
901 261 960 350 163

58 417 61 420 ’
169 420 365 507 designatum.
392 422 485 509 Qiod
499 427 657 502 admones,
671 425 779 509 gratias
789 445 867 509 agos
883 427 964 510 quod

167 551 265 613 rogas,
281 553 399 616 queror.
443 532 612 597 Admoneri
626 534 709 596 enim
728 535 835 611 debeo,
859 546 894 597 ut
907 532 963 596 sci-

169 658 232 714 am,
255 639 352 721 rogari
377 659 439 701 non
461 639 555 703 debeo
579 651 615 702 ut
628 636 750 716 faciam,
780 641 861 725 quod
887 638 964 702 mihi

169 763 232 805 non
246 740 343 806 facere
357 743 556 828 turpissimum
570 744 622 806 est.
666 742 720 807 An
733 765 789 827 ego
803 744 878 808 tueri
897 743 963 809 Co·

171 848 236 911 relli
256 850 351 912 filiam
374 848 530 912 dubitem?
565 847 618 913 Est
642 847 764 934 quidem
789 847 865 914 mihi
894 869 964 912 cum

170 952 236 1031 isto,
256 970 360 1019 contra
373 977 464 1041 quem
478 974 529 1017 me
543 957 681 1031 advocas,
697 976 759 1018 non
773 955 860 1038 plane
874 951 964 1017 fami-

171 1060 296 1138 liaritas,
319 1061 368 1125 sed
383 1075 484 1124 tamen
497 1060 639 1124 amicitia.
683 1058 810 1123 Accedit
823 1061 883 1123 huc
899 1062 964 1143 dig-

172 1167 250 1229 nitas
264 1165 408 1243 hominis,
429 1179 519 1251 atque
533 1167 583 1229 hic
602 1165 661 1250 ipse
682 1165 732 1228 cui
744 1166 904 1229 destinatus
924 1166 964 1228 est

171 1274 280 1336 honor.
325 1272 425 1357 Cujus
444 1273 610 1335 nobishoc
631 1273 729 1356 major
747 1274 861 1354 agenda
882 1291 966 1333 reve·

171 1378 266 1441 rentia
273 1378 325 1455 est,
338 1381 418 1462 quod
422 1380 488 1463 jam
499 1376 553 1441 illo
567 1374 665 1439 functi
676 1374 788 1440 sumus.
817 1376 967 1441 Naturale

172 1484 213 1547 est
226 1483 320 1561 enim,
344 1498 378 1547 ut
391 1506 427 1547 ea
437 1506 506 1568 quae
519 1485 586 1567 quis
597 1485 720 1566 adeptus
735 1481 786 1558 est,
805 1480 865 1565 ipsa
875 1502 965 1565 quam

173 1591 351 1674 amplissima
364 1590 523 1653 existimari
537 1590 620 1652 velit.
665 1588 723 1652 Sed
738 1588 816 1652 mihi
826 1585 967 1669 cogitanti

175 1693 348 1759 adfuturum
363 1716 413 1758 me
433 1694 549 1760 Corelli
566 1694 649 1773 filiae,
674 1694 776 1758 omnia
790 1693 842 1756 ista
860 1692 968 1776 frigida

173 1803 205 1865 δε
219 1799 320 1863 inania
333 1800 483 1864 videntur.
528 1798 715 1865 Obversatur
727 1802 822 1863 oculis
844 1801 894 1863 ille
908 1800 966 1876 vir,

173 1928 235 1991 quo
257 1908 409 1969 neminem
432 1920 504 1969 aetas
519 1906 616 1970 nostra
636 1907 813 1989 graviorem,
841 1905 966 1969 sanctio-

173 2033 249 2089 rem,
265 2011 449 2076 subtiliorem
463 2014 591 2096 denique
606 2013 695 2075 tulit:
723 2032 814 2095 quem
829 2033 884 2096 ego
896 2032 968 2074 cum

173 2140 211 2181 ex
224 2118 420 2181 admiratione
441 2116 563 2200 diligere
577 2117 740 2201 crepidem,
756 2120 836 2201 quod
850 2119 969 2180 evenire

173 2238 276 2288 contra
297 2222 381 2299 solet,
405 2222 501 2305 magis
526 2224 689 2286 admiratus
710 2222 788 2299 sum,
814 2222 969 2308 postquam

173 2330 290 2413 pentus
303 2328 428 2413 inspexi.
474 2327 608 2414 (raspert
633 2329 714 2391 enim
728 2325 871 2413 penam)
906 2307 981 2392 rui

175 2435 251 2497 hili
272 2456 322 2497 me
343 2436 394 2498 ille
408 2436 564 2512 secretum,
588 2456 651 2499 non
667 2435 812 2519 joculare,
842 2457 903 2499 non
924 2435 968 2498 se-

175 2541 267 2616 rium,
293 2562 355 2604 non
370 2541 463 2619 triste,
487 2562 549 2605 non
562 2542 678 2605 laetum.
723 2539 969 2604 Adolescentulus

174 2668 269 2725 eram,
291 2649 399 2733 &jam
421 2649 498 2711 mihi
511 2651 549 2711 ab
563 2646 616 2710 illo
630 2648 738 2723 honor,
754 2659 843 2730 atque
865 2647 967 2719 etiam,

175 2756 303 2836 (audebo
314 2751 424 2834 dicere)
439 2754 614 2832 reverentia,
627 2766 661 2816 ut
671 2751 779 2837 aequali
790 2751 965 2813 habebatur.

160 2858 163 2863 ’
177 2860 235 2924 Ille
249 2882 336 2923 meus
360 2862 392 2923 in
406 2859 540 2943 petendis
553 2858 717 2924 honoribus
732 2854 918 2940 suffragator,
939 2856 970 2919 dc

172 2965 271 3028 testis:
292 2967 343 3028 ille
363 2965 394 3028 in
420 2966 595 3033 inchoandis
619 2965 764 3028 deductor
787 2963 819 3026 dc
840 2974 966 3026 ¹comest

474 3111 475 3114 =
532 3070 572 3134 M
596 3088 615 3136 2
