2317 3767
412 302 605 348 iram
650 305 681 350 1.
901 304 940 375 37

152 440 270 505 Verum
284 443 355 506 huic
364 442 417 528 ipfi
431 442 538 508 Pericli
548 466 603 510 nec
616 448 669 511 illa
680 448 778 525 velli,
798 468 853 512 nec
866 447 942 510 illud

148 551 244 629 ἐκήλει
258 550 413 624 brevitate,
429 550 478 612 vel
491 551 656 629 velocitate,
671 554 853 639 velumque
867 549 939 636 (dif-

147 651 250 717 ferunt
271 652 366 735 enim)
392 652 609 720 fine-facultate
627 656 744 722 summa
762 657 936 741 contigiffet.

81 748 86 760 ’
147 758 235 823 Nam
250 761 408 835 deleelare,
424 760 606 845 persuadere,
621 763 737 847 copiam
747 764 863 827 dicendi
874 762 939 847 spa·

142 866 286 951 ,tiumque
307 866 487 930 desiderant:
516 868 681 953 relinquere
707 889 779 932 vero
800 868 937 932 aculeum

145 972 178 1033 in
194 972 381 1035 audientium
388 972 508 1049 animia,
524 973 550 1035 is
563 975 686 1037 demum
700 973 802 1058 potest,
814 973 866 1059 qui
877 995 938 1038 non

144 1078 264 1162 pungit,
287 1076 336 1139 sed
349 1077 457 1161 infigit.
501 1076 601 1156 Adde,
625 1101 693 1164 quae
706 1082 744 1143 de
756 1082 863 1144 eodem
880 1076 937 1144 Pe·

144 1184 220 1247 ricle
234 1184 366 1246 comicus
379 1184 463 1259 alter,

165 1287 307 1373 H'qpam’
318 1291 451 1376 εΐςόντα,
475 1289 621 1372 iuvenalia
640 1292 698 1372 air
712 1290 856 1360 E‘mela.

142 1397 223 1462 Non
237 1398 319 1460 enim
333 1410 484 1480 amputata
496 1398 636 1462 oratio&
650 1396 779 1472 abscissa,
803 1395 852 1459 sed
866 1398 935 1472 lata,

141 1505 174 1567 δι
190 1503 358 1587 magnifica,
384 1504 415 1567 &
429 1502 541 1565 excelsa
553 1516 648 1579 tonat,
669 1498 813 1585 fulgurat,
837 1502 939 1563 omnia

143 1610 274 1692 denique
289 1610 438 1691 perturbat
458 1629 493 1671 ac
514 1606 627 1671 miscet.
671 1604 817 1691 Optimus
836 1621 937 1668 tamen

146 1715 257 1777 modus
281 1712 331 1790 est,
366 1715 434 1798 quis
452 1715 562 1797 negat?
589 1714 638 1776 sed
663 1735 725 1777 non
752 1714 854 1777 minus
876 1732 937 1786 non

143 1819 243 1883 servat
255 1823 390 1896 modum,
405 1819 457 1904 qui
471 1815 550 1882 infra
574 1839 639 1882 rem
653 1840 743 1903 quam
757 1820 809 1904 qui
828 1817 933 1903 supra:

142 1928 197 2012 qui
213 1926 387 2002 adstrielius,
402 1945 494 2009 quam
505 1924 557 2008 qui
570 1922 691 1987 effufius
701 1923 784 1986 dicit.
830 1922 935 2009 Itaque

141 2033 229 2096 audis
243 2028 424 2116 frequenter,
448 2043 482 2094 ut
503 2031 577 2094 illud
597 2029 756 2104 immodice
781 2030 812 2093 &
826 2030 934 2091 redun-

140 2141 258 2214 danter,
282 2138 325 2201 ita
345 2138 403 2200 hoc
412 2135 515 2221 jejune
537 2137 568 2200 &
594 2134 722 2198 infirme.
767 2133 858 2197 Alius
882 2153 935 2196 ex-

141 2243 251 2309 celliffe
279 2244 445 2319 materiam,
473 2243 550 2305 alius
574 2241 682 2305 dieitur
706 2260 768 2303 non
782 2237 933 2323 impleffe:

139 2371 227 2436 aeque
250 2363 384 2433 uterque,
413 2347 461 2411 sed
483 2347 533 2411 ille
559 2346 772 2421 imbecillitate,
798 2345 848 2407 hic
862 2344 935 2407 viri·

140 2460 199 2520 bus
221 2469 332 2540 peccat.
384 2453 478 2539 and
502 2466 580 2516 certe
601 2450 656 2514 etfi·
676 2470 738 2513 non
766 2449 933 2524 limatioris,

141 2562 263 2647 majoris
284 2574 386 2624 tamen
411 2557 521 2643 ingenii
540 2558 650 2620 vitium
674 2554 726 2617 est.
769 2553 839 2619 Nec
864 2574 935 2617 vero

139 2690 213 2733 cum
236 2670 302 2731 haec
323 2667 402 2743 dico,
430 2665 518 2728 illum
543 2661 743 2727 Homericum
764 2666 934 2747 ἀμεηοεπῆ

140 2776 248 2859 probo,
272 2773 320 2836 sed
335 2773 429 2847 hunc,

181 2885 242 2948 Kal
274 2876 346 2950 ἔπεα
376 2878 551 2958 νιφάδεσσιν
580 2877 700 2946 ἐοικότα
728 2876 931 2959 χαμερίοισινε

138 3009 202 3051 non
227 2987 299 3072 quia
321 3006 382 3049 non
405 2986 437 3050 &
455 2985 506 3047 ille
520 2984 597 3047 mihi
612 2980 787 3046 validissime
808 2977 932 3064 placeat,
