2317 3767
406 313 596 359 uteru
642 308 762 361 v1.'
890 290 950 380 267

165 457 303 542 utrinque
338 457 505 534 advocatio,
542 458 573 521 δι
602 453 759 521 numerosa
793 442 949 519 subsellia:

120 615 124 619 .
164 576 303 647 praeterea
324 561 412 626 densa
432 561 684 626 circumstantium
704 580 824 636 corona,
849 558 954 623 latiffi·

164 688 251 730 mum
259 667 409 752 judicium
424 668 581 752 multiplici
594 668 704 734 circulo
718 666 863 730 ambibat.
900 665 953 729 Ad

164 772 220 834 hoc
231 774 367 858 stipatum
381 774 525 849 tribunal,
543 786 632 857 atque
645 770 736 835 etiam
750 791 789 835 ex
805 769 952 855 superiore

163 876 295 942 Bafilicae
306 880 401 963 parte,
424 898 483 963 qua
504 876 653 955 foeminae,
679 899 738 963 qua
751 876 821 953 viri,
840 877 872 940 δι
896 897 952 940 au-

162 982 274 1059 diendi,
304 985 385 1066 quod
414 982 546 1060 difficile,
573 984 605 1046 ὃ(
629 985 708 1066 quod
730 980 818 1046 facile
839 974 952 1047 visendi

162 1089 259 1152 studio
291 1086 500 1151 imminebant.
550 1087 668 1171 Magna
698 1088 863 1171 expellatio
892 1085 951 1150 Pa·

162 1206 254 1268 rrum,
285 1213 395 1276 magna
426 1192 566 1269 filiarum,
591 1213 699 1275 magna
725 1193 817 1255 etiam
844 1214 951 1256 nover-

160 1321 276 1363 carum.
330 1299 453 1362 Secutus
482 1297 522 1362 est
550 1298 650 1360 varius
675 1309 809 1361 eventus.
863 1299 951 1363 Nam

162 1408 278 1469 duobus
292 1405 417 1468 consiliis
436 1403 576 1479 vicimus,
600 1403 725 1466 totidem
744 1402 816 1466 violi
835 1401 948 1467 sumus.

162 1509 317 1574 Notabilis
337 1509 452 1594 prorsus
468 1511 558 1573 res&
569 1509 659 1586 mira,
676 1510 782 1572 eadem
807 1510 840 1572 in
854 1508 951 1588 causa,

163 1613 265 1678 iisdem
280 1616 444 1699 judicibus,
460 1614 563 1679 iisdem
578 1615 742 1691 advocatis,
755 1616 861 1678 eodem
874 1628 952 1678 tem·

162 1741 234 1804 pore
258 1731 339 1783 tanta
358 1719 507 1783 diverfitas
528 1721 633 1784 accidit
652 1719 732 1783 casu>
746 1721 880 1804 quidem,
903 1718 951 1784 sed

162 1848 224 1891 non
252 1839 285 1889 ut
307 1824 395 1894 casus.
414 1825 573 1887 videretur.
619 1824 710 1888 vieta
737 1825 777 1888 est
802 1846 949 1890 novercae

151 1928 233 2015 ‘Ipsa
254 1933 349 1994 haeres
362 1951 400 1992 ex
414 1944 496 2014 parte
513 1930 605 2007 sexta,
627 1929 734 1994 vietus
751 1930 950 2009 Suburanus,

160 2039 213 2120 qui
236 2038 473 2101 exhaeredatus}
494 2049 588 2120 patre,
609 2035 746 2120 smgulari
765 2037 951 2121 impudentia

160 2143 250 2205 alieni
275 2143 366 2227 patris
395 2144 475 2205 bona
498 2143 680 2218 vindicabat,
706 2152 771 2206 non'
792 2142 879 2206 ausus
906 2141 951 2206 sui
989 2143 992 2149 ’

160 2260 268 2331 petere.
323 2247 402 2310 Haec
426 2248 480 2311 tibi
510 2246 642 2332 exposui,
674 2247 818 2332 primum,
848 2261 883 2311 ut
913 2268 951 2311 ex

161 2352 281 2435 epistola
303 2352 401 2430 scires,
422 2375 490 2437 quae
513 2374 551 2415 ex
572 2355 706 2416 oratione
730 2374 792 2417 non
813 2366 948 2438 potense

161 2460 269 2521 deinde
288 2461 371 2542 (nam
395 2452 531 2543 detegam
555 2457 644 2539 artes)
669 2475 703 2524 ut
723 2461 889 2524 orationem
912 2461 951 2524 li·

161 2565 280 2627 beritius
298 2567 420 2648 legeres,
444 2565 465 2628 fi
479 2557 541 2629 nou
555 2567 653 2648 legere
666 2553 733 2642 tibi,
756 2564 805 2628 sed
819 2564 952 2629 interelse

156 2664 274 2754 judicio
287 2670 438 2746 videreris,
454 2691 545 2755 quam
559 2670 593 2732 fit
604 2671 673 2733 licet
687 2690 807 2754 magna,
822 2689 883 2732 non
898 2671 950 2732 de-

159 2774 244 2859 spero
257 2775 382 2865 gratiam
402 2774 567 2838 breviffime
584 2776 820 2860 impetraturam.
864 2772 951 2838 Nam

159 2881 191 2943 δι
203 2880 289 2964 copia
310 2900 422 2957 rerum,
446 2882 599 2964 &arguta
621 2880 773 2956 divifione,
797 2880 828 2943 δι
849 2900 951 2942 narra·

151 2985 300 3049 'titmculis
313 2985 461 3069 pluribus,
480 2987 511 3051 ἃ
525 2986 684 3070 eloquendi
698 2985 840 3049 varietate
863 3006 950 3049 reno
