2317 3767
392 277 583 324 LIBER
629 278 700 324 111.
882 275 938 324 121

155 417 294 504 ut'occisr
321 416 424 482 solent.
472 419 566 482 Vides
594 419 668 503 qu'ot
690 417 840 502 periculis,
869 429 943 503 quot

154 524 356 606 contumeliis,
381 537 457 610 quot
468 525 605 588 ludibriis
623 523 714 587 fimus
727 524 861 599 obnoxii,
887 543 942 586 nec

154 631 290 712 estquod
313 629 468 714 quisquam
490 629 574 715 poffit
595 629 652 693 effe
670 629 797 708 securus,
820 632 890 715 quia
907 629 943 694 fit

155 735 289 798 remiffus
310 737 341 799 δι
354 736 446 797 mitis.
491 734 568 799 Non
586 737 668 799 enim
685 736 800 822 judicio
813 736 939 813 domini,

155 843 203 905 sed
214 842 320 905 scelere
333 842 530 924 perimuntur.
576 841 693 906 Verum
706 844 771 906 haec
784 842 938 906 haetenus.

155 948 240 1032 Quid
255 960 395 1030 praeterea
408 947 502 1010 novi?
520 946 626 1031 Quid?
644 947 732 1024 nihil,
746 948 858 1034 alioqui
871 947 940 1011 sub·

149 1054 319 1137 jungerem.
363 1052 450 1117 Nam
464 1054 610 1117 &charta
632 1053 729 1116 adhuc
752 1051 887 1138 superest,
909 1054 941 1119 dc

154 1160 216 1221 dies
246 1155 368 1220 feriatus
390 1160 499 1242 patitur
523 1160 609 1242 plura
633 1158 775 1222 contexi.⁴
806 1157 939 1236 Addam,

152 1267 238 1349 quod,
248 1277 412 1347 opportune
425 1267 462 1327 de
484 1266 591 1327 eodem
606 1262 777 1327 Macedone
789 1261 941 1343 succurrit,

153 1390 224 1454 cum
251 1371 284 1431 in
319 1370 439 1452 publico
463 1368 572 1433 Romae
595 1370 755 1444 lavaretur,
788 1369 939 1446 notabilis,

153 1489 241 1558 atque
255 1465 347 1537 etiam
362 1486 395 1537 ut
408 1478 506 1538 exitus
519 1475 632 1551 docuit,
653 1471 787 1538 ominosa
804 1493 851 1535 res
864 1474 941 1536 acci-

155 1583 210 1643 dit.
256 1580 355 1665 Eques
369 1581 525 1645 Romanus
546 1583 564 1645 ἃ
585 1580 668 1645 servo
682 1582 756 1666 ejus,
785 1577 952 1643 ut¹trans1··

155 1697 224 1748 tum
236 1688 328 1762 daret,
348 1708 441 1751 manu
465 1689 569 1750 leviter
587 1685 769 1763 admonitus,
795 1683 943 1749 convertit

154 1790 196 1867 se,
220 1811 275 1853 nee
298 1792 412 1856 servum
432 1793 450 1855 ὲ
472 1815 532 1877 quo
554 1808 618 1856 erat
639 1792 751 1870 tacius,
771 1790 820 1855 sed
845 1789 941 1876 ipsum

154 1898 358 1962 Macedonem
372 1913 435 1961 tam
460 1900 589 1981 graviter
613 1899 714 1981 pulrna
734 1896 880 1981 pertudit,
907 1908 942 1960 ut

153 2025 227 2088 pene
249 2005 428 2066 concideret.
475 2004 523 2067 lta
545 2005 687 2067 balneum
708 2002 765 2079 illi,
788 2001 868 2087 quast
888 2022 941 2087 per

152 2107 441 2193 gradus-quosdam,
469 2110 601 2193 primum
626 2108 816 2173 contumeliae
843 2108 938 2186 locus,

153 2216 259 2279 deinde
273 2215 356 2278 exitii
369 2212 438 2284 fuit,
484 2213 571 2283 Vale.

230 2446 294 2492 xv.
328 2444 360 2491 c.
385 2447 531 2491 rrimus
556 2444 724 2494 procuro
746 2444 814 2491 suo
838 2445 866 2490 s.
911 2491 913 2502 ,
939 2432 942 2436 “

82 2654 112 2720 ᾖ
157 2591 296 2716 Peru,
321 2652 354 2703 ut
367 2640 483 2703 libellos
497 2652 565 2703 tuos
591 2638 623 2703 in
635 2638 741 2704 secellu
754 2641 864 2724 legam,
886 2647 950 2701 ex-'

152 2743 355 2829 aminemque,
381 2766 420 2808 an
448 2745 576 2808 editione
605 2744 660 2809 fint
684 2746 786 2828 digni·
817 2744 940 2807 adhibes

151 2868 263 2931 preces,
284 2851 394 2933 allegas
422 2852 604 2934 exemplum.
648 2848 751 2933 Rogas
777 2851 880 2922 etiam,
906 2860 941 2911 ut

151 2954 263 3039 aliquid
273 2954 403 3019 suceifivr
413 2956 552 3040 tempons
558 2955 746 3022 studrremers
757 2952 937 3032 subtraham
