2317 3767
397 297 714 346 rreruvrr.
891 273 950 342 281
1058 318 1064 328 -

164 459 258 505 eum:
299 418 362 527 qud
398 462 505 525 genere
536 439 752 504 exercitationis
780 435 951 521 proprietas,

163 544 356 631 splendorque
385 549 555 622 verborum,
590 547 676 630 copia
702 545 877 628 figurarum,
906 543 952 604 vis

163 652 340 734 explicandi,
355 665 497 736 praeterea
506 651 671 715 imitatione
679 651 861 733 optimorum
872 648 952 710 fimi-

163 755 204 817 lia
228 757 397 820 inveniendi
426 755 551 820 facultas
579 768 710 840 paratur.
762 754 858 818 Simul
884 775 952 840 quae

163 861 310 943 legentem
325 858 506 938 fefellissent,
528 857 755 945 transferentem
776 856 877 943 sugere
890 881 951 923 non

162 966 292 1049 possunt.
338 967 541 1050 Intelligentia
561 988 598 1028 ex
619 967 677 1029 hoc
690 964 879 1049 &judicium
900 985 950 1027 ac-

163 1072 308 1153 quiritur:
333 1072 409 1134 nihil
423 1067 573 1147 obsuerit,
588 1093 656 1155 quae
677 1064 781 1153 legeris
793 1069 950 1146 hadlenus,

164 1191 297 1251 utrem,
322 1189 591 1260 argumentumque
615 1191 727 1251 teneas,
753 1174 832 1258 quafi
853 1196 949 1237 aemu-

162 1281 228 1343 lum
242 1281 377 1358 scribere,
398 1281 537 1365 lediisque
550 1279 696 1357 conferre,
717 1302 751 1343 ac
765 1279 865 1343 sedulo
876 1302 950 1364 pen·

163 1385 256 1463 strare,
283 1388 356 1471 quid
369 1400 415 1464 tu,
433 1387 505 1470 quid
520 1386 571 1449 ille
592 1386 789 1450 commodius.
834 1383 950 1467 Magna

162 1494 331 1575 gratulatio,
361 1492 383 1554 fi
406 1492 550 1554 nonnulla
571 1505 626 1554 ru:
641 1511 779 1573 -magnus
801 1490 907 1573 pudor,
928 1488 949 1551 sr

162 1597 270 1681 cundia
290 1598 342 1660 ille
364 1599 482 1663 melius.
528 1596 647 1660 Licebit
668 1597 817 1659 Interdum
841 1595 873 1658 dt
893 1615 949 1657 no-

163 1699 272 1763 tissima
292 1703 398 1784 eligere
419 1704 450 1766 &
471 1715 580 1765 certare
599 1723 669 1765 cum
683 1701 794 1764 elesiis.
837 1698 949 1764 Audax

163 1806 242 1882 haec,
268 1827 329 1869 non
354 1821 454 1870 tamen
480 1809 627 1891 improba,
654 1809 723 1891 quia
748 1805 855 1869 secreta
875 1826 947 1869 con-

163 1913 275 1975 tentio:
310 1933 481 1995 quanquam
510 1914 621 1974 multos
646 1913 782 1973 videmus
806 1910 947 1996 ejusmodi

162 2019 326 2081 certamina
336 2018 387 2081 fibi
402 2038 472 2080 eum
483 2018 578 2080 multa
592 2019 679 2079 laude
687 2013 846 2100 sumpsisse,
861 2017 947 2100 quos·
1000 2096 1005 2106 ι

163 2144 222 2207 que
244 2121 376 2207 subsequi
399 2121 466 2185 satis
488 2124 648 2198 habebant,
676 2124 749 2185 dum
764 2142 826 2185 non
847 2121 947 2208 despe.

162 2241 240 2306 rant,
263 2227 448 2290 antecessisse.
493 2226 607 2290 Poteris
621 2228 652 2291 &
665 2248 732 2310 quae
745 2228 865 2304 dixeris,
886 2227 949 2312 post
970 2275 973 2283 f

163 2333 345 2396 oblivionem
376 2334 544 2408 retraslare,
574 2333 670 2397 multa
697 2334 833 2409 retinere,
863 2335 948 2418 plura

164 2436 293 2515 transne,
316 2439 374 2501 alia
387 2437 597 2513 interscribere,
614 2439 673 2500 alia
687 2436 850 2502 rescribere.
885 2437 947 2505 La-

164 2541 313 2615 boriosum
324 2543 399 2606 istud
412 2544 443 2606 &
457 2545 546 2605 taedio
559 2545 679 2626 plenum
682 2587 692 2618 ,
715 2542 763 2607 sed
777 2543 948 2607 difficultate

162 2645 224 2729 ipsa
245 2645 430 2711 frusluosum
449 2647 620 2710 recalescere
642 2668 680 2711 ex
701 2650 826 2732 integro,
848 2649 879 2711 dr
900 2669 946 2710 re-

161 2751 276 2816 sumere
290 2748 436 2835 impetuin
450 2750 590 2828 stadium,
603 2752 817 2835 emissumque:
834 2750 947 2817 Postre-

161 2877 215 2919 mo
227 2878 307 2920 nova
318 2860 402 2919 velut
421 2859 556 2922 membra
574 2858 693 2942 peradlo
715 2859 829 2942 corpori
851 2859 946 2949 intex-

155 2976 221 3038 ere,
242 2984 297 3026 nec
311 2976 412 3027 tamen
425 2962 522 3046 priora
538 2965 668 3027 turliare.
713 2962 781 3026 Scio
801 2984 880 3028 nunc
893 2967 947 3028 tibi
