2317 3767
246 285 287 358 32
405 286 438 332 c.
468 282 581 331 mu.
613 279 872 327 unsuoeou.

243 423 301 487 hoc
322 420 460 505 exemplo
478 416 628 494 somnium
642 414 717 480 istud
731 417 764 479 in
784 419 900 482 bonum
917 434 1031 487 vertast

245 542 306 605 aut,
342 528 364 590 fi
391 527 484 590 tutius
506 538 592 609 putas
616 521 691 584 illud
715 521 871 586 cautiffimi
893 525 1033 610 cujusque

243 647 435 718 praeceptum.
460 630 555 715 Quod
564 627 683 691 dubitas
696 648 735 690 ne
748 624 873 707 seceris3
893 631 924 692 id
938 631 1034 715 ipsum

244 738 378 803 rescribe.
432 736 498 819 Ego
525 736 658 820 aliquam
690 733 840 819 stropham
868 736 1033 815 inveniam,

243 864 390 928 agamque
412 839 530 905 causam
552 856 651 919 tuam,
675 854 709 903 ut
733 839 826 923 ipsam
840 862 936 924 agere,
964 863 1035 906 cum

245 965 278 1015 tu
292 951 386 1025 voles,
410 946 508 1033 possse.
549 942 604 1011 Est
622 947 705 1009 enim
730 944 797 1008 sane
810 946 869 1009 alia
881 949 956 1011 ratio
971 963 1033 1025 tua,-

245 1057 304 1120 alia
333 1076 401 1118 mea
424 1050 492 1116 suit.
537 1052 625 1117 Nam
649 1052 797 1137 judicium
821 1054 1036 1115 centumvirale

245 1159 357 1226 differri
380 1161 469 1223 ¹nullo
495 1160 598 1235 modo,
622 1157 696 1222 istud
722 1177 800 1240 aegre
824 1158 958 1242 quidem,
984 1157 1037 1220 sed

245 1282 347 1332 tamen
360 1263 462 1350 potest.
508 1263 597 1327 Vale.

248 1491 329 1545 mx.
355 1496 389 1543 c.
410 1496 558 1540 mulus
586 1493 743 1540 uomouo
769 1495 886 1542 mmo
908 1496 975 1545 suo
996 1498 1035 1542 u.

248 1641 475 1754 Mumcees
485 1700 623 1764 tumens,
633 1688 977 1773 &condiscipulus,&ab
988 1676 1036 1754 io·

244 1808 335 1862 eunte
357 1807 443 1858 aetate
456 1793 694 1858 contubernalis:
710 1809 793 1880 pater
805 1810 874 1859 tuus
890 1798 922 1861 ἃ
936 1797 1036 1872 matri,

245 1904 278 1968 δι
291 1902 440 1966 avunculo
453 1919 534 1977 meu,
557 1899 633 1963 mihi
659 1902 751 1964 etiam
775 1917 921 1985 quantum
941 1901 1038 1965 aetatis

244 2006 396 2072 diverfitas
409 2005 489 2091 passa
498 2006 550 2083 est,
566 2003 740 2070 familiaris:
762 2028 880 2091 magnae
889 2009 920 2072 &
933 2027 1038 2092 graves

246 2112 354 2190 causae,
377 2134 430 2176 cur
443 2110 584 2196 suscipere
596 2112 627 2175 δε
644 2133 751 2195 augere
766 2113 940 2196 dignitatem
953 2127 1039 2176 tuam

247 2222 384 2285 debeam.
429 2216 497 2281 Esse
511 2229 611 2280 autem
620 2219 676 2281 tibi
686 2234 807 2283 centum
822 2219 953 2282 millium
966 2238 1039 2281 cen·

246 2323 325 2403 sum,
347 2323 555 2398 'satisindicau
579 2325 660 2407 quod
680 2325 759 2408 apud
781 2345 837 2386 nos
850 2323 970 2388 decurio
993 2344 1038 2387 es.

250 2430 359 2515 Igitur,
377 2444 411 2494 ut
422 2443 451 2494 te
461 2449 523 2492 non
536 2430 694 2493 decurione
707 2427 815 2506 solum,
830 2450 935 2494 verum
948 2429 1041 2493 etiam

250 2536 348 2621 equite
362 2533 503 2599 Romano
517 2533 717 2619 perfruamur,
738 2534 835 2602 offero
849 2536 905 2600 tibi
920 2537 959 2599 ad
980 2536 1040 2599 im·

247 2641 371 2728 plendas
380 2640 525 2725 equestres
533 2638 687 2705 facultates
695 2655 826 2706 trecenta
839 2643 935 2707 millia
949 2664 1041 2706 num·

248 2746 349 2812 mum.
393 2744 446 2811 Te
460 2767 627 2811 memorem
640 2748 731 2832 hujus
749 2748 883 2811 muneris
901 2750 1042 2813 amicitiae

249 2853 356 2918 nostrae
369 2852 546 2917 diuturnitas
557 2851 689 2937 spondet.
734 2851 802 2937 Ego
822 2874 861 2917 ne
883 2853 958 2917 illud
971 2855 1041 2939 qui-

246 2962 322 3025 dem
342 2962 502 3037 admoneo,
515 2961 605 3042 'quod
626 2962 786 3025 admonere
800 2961 961 3037 debetem,
980 2960 1041 3025 *nifi
