2317 3767
386 271 669 319 sternax.
870 265 929 330 401

172 498 335 584 mxxvii.
380 537 413 583 C·
432 538 576 585 PLINIUS
594 536 754 587 PAULINO
772 535 838 584 SUO
857 537 884 581 ⁸.

147 676 248 795 Nnc
265 741 325 793 tuae
346 744 460 793 naturae
474 729 514 793 est
528 730 697 794 transsatitia
709 731 785 807 haec,
805 731 835 811 ᾇ
849 728 929 814 quast

142 835 260 917 publica
275 834 372 898 officia
388 837 406 898 a
419 832 618 898 familiaribus
626 836 729 898 amicis
739 848 842 899 contra
852 833 928 918 ipso·

142 960 210 1001 rum
224 942 419 1002 commodum
433 939 568 1021 exigere:
592 942 622 1002 &
636 961 692 1022 ego
705 951 734 1001 te
748 940 928 1004 constantius

144 1064 226 1119 amo,
246 1063 338 1127 quam
359 1055 392 1104 ut
406 1063 520 1118 verear,
541 1065 579 1105 ne
594 1044 679 1105 aliter
694 1065 727 1106 ac
742 1043 833 1109 velim
849 1043 926 1106 acci·

142 1147 216 1230 pias,
238 1147 290 1208 nisr
308 1161 338 1208 te
353 1145 496 1210 Calendis
510 1145 607 1209 statim
623 1144 788 1209 Consulem
804 1148 922 1211 videro:

142 1249 301 1334 praesertim
325 1271 395 1313 cum
415 1271 464 1312 me
479 1250 629 1313 necessitas
642 1253 836 1315 locandorum
850 1272 926 1336 prae·

143 1355 262 1418 diorum
277 1357 376 1438 plures
389 1376 484 1418 annos
494 1356 665 1417 ordinatura
677 1355 816 1431 detineat,
826 1357 857 1417 iu
868 1378 927 1438 qua

144 1462 220 1524 mihi
235 1483 315 1524 nova
329 1461 447 1524 consilia
461 1460 605 1524 sumenda
615 1459 691 1523 siun.
734 1461 822 1524 Nam
831 1463 927 1545 priore

143 1565 243 1641 lustro,
278 1586 449 1649 quanquam
481 1565 544 1649 post
575 1566 699 1648 magnas
732 1567 924 1643 remissiones,

141 1670 255 1752 reliqua
279 1683 444 1733 creverunt.
491 1671 567 1734 Inde
589 1670 734 1755 plerisque
759 1672 842 1733 nulla
858 1673 925 1756 jam

140 1794 212 1838 cura
226 1775 380 1837 minuendi
395 1775 461 1837 acris
476 1776 577 1851 alieni,
588 1778 667 1858 quod
683 1775 833 1858 desperant
846 1777 924 1859 posse

140 1877 276 1963 persolvi.
322 1878 455 1962 Rapiunt
469 1880 571 1955 etiam,
595 1879 831 1964 consumuntque
844 1883 925 1966 quod

140 1997 247 2048 natum
272 1982 323 2059 est,
346 1997 379 2047 ut
405 1985 456 2066 qui
478 1984 544 2067 jam
558 1997 663 2068 putent
676 1983 704 2047 se
718 2006 779 2047 non
794 1984 844 2048 fibi
859 1988 923 2069 pla·

140 2109 216 2153 cere.
261 2087 490 2153 Occurrendum
509 2110 579 2173 ergo
598 2088 817 2173 augescentibus
830 2092 922 2169 vitiis,

140 2196 171 2258 &
185 2196 365 2258 medendum
378 2194 433 2256 est:
456 2195 487 2257 &
502 2194 640 2256 medendi
652 2215 712 2256 una
724 2195 811 2270 ratio,
826 2195 847 2257 fi
861 2217 923 2260 non

140 2320 278 2376 nummo,
295 2299 342 2360 led
357 2300 490 2382 partibus
504 2301 613 2374 locem,
629 2319 663 2360 ac
677 2300 783 2362 deinde
797 2322 834 2362 ex
848 2302 923 2364 meis

141 2403 257 2485 aliquos
279 2404 429 2465 exactores
447 2404 540 2486 operi,
563 2403 695 2466 custodes
708 2402 855 2468 fructibus
868 2427 922 2488 po·
962 2390 965 2399 ¹

141 2528 231 2571 nam:
254 2507 285 2569 &
299 2508 408 2590 alioqui
423 2510 542 2571 nullum
551 2508 658 2592 justius
671 2530 765 2591 genus
779 2511 920 2583 redditus,

140 2632 233 2697 quam
253 2613 333 2695 quod
353 2625 445 2686 terra,
467 2613 593 2688 coelum,
615 2634 712 2676 annus
733 2611 833 2676 refert.
870 2612 921 2676 Ad
944 2676 946 2679 ,

139 2718 210 2792 hoc,
232 2717 375 2798 magnam
396 2716 499 2793 sidem,
522 2739 602 2781 acres
615 2721 730 2794 oculos,
752 2718 921 2785 numerosas

138 2841 247 2894 manus
261 2818 372 2905 poscit:
395 2819 607 2904 experiendum
622 2836 734 2898 tamen,
751 2824 782 2886 δι
795 2823 874 2908 quafi
890 2824 924 2891 in.

140 2925 232 2990 vsteri
259 2928 365 2991 morbo
382 2927 522 3009 quaelibet
543 2928 717 2991 mutationis
731 2928 841 2991 auxilia
855 2941 919 3005 ten-

499 3030 573 3097 Dd
