2317 3767
399 299 687 347 rinnau.
891 281 930 348 61

142 443 205 530 ipse
228 463 289 509 non
309 444 436 529 praefici.
482 442 522 507 Et
545 446 583 507 dc
598 445 726 507 editione
739 444 862 527 quidem
886 444 934 507 in·

141 553 242 629 terim,
277 563 311 614 ut
342 552 438 626 voles,
475 551 565 613 recita
599 548 715 625 saltem,
748 571 811 633 quo
838 550 934 633 tnagis

141 656 233 718 libeat
254 657 409 719 emittere:
439 668 530 739 utque
553 656 673 717 tandem
692 655 835 739 percipias
857 677 932 739 gau·

141 762 239 837 diurn,
259 763 341 843 quod
363 782 418 842 ego
436 761 510 823 olim
529 781 585 843 pro
598 772 629 821 te
647 779 709 822 non
725 773 836 824 temere
855 782 932 845 prac-

141 865 237 929 sumo.
285 866 441 949 Imaginor
465 866 558 942 enim,
587 866 639 949 qui
664 867 833 944 concursus,
862 873 932 952 quae'

142 971 355 1047 admiration,
376 972 427 1054 qui
440 973 564 1047 clamor,
578 973 659 1055 quod
677 972 770 1034 etiam
783 953 931 1036 stlerrti'tun

140 1088 279 1138 maneat:
317 1097 378 1159 quo
398 1097 464 1159 ego,
487 1095 558 1138 cum
582 1078 650 1138 dico
674 1078 723 1140 vel
745 1078 848 1153 recito,
869 1099 931 1142 non

142 1176 246 1244 n'rinus
269 1201 360 1263 quam
380 1183 521 1257 clamore,
540 1182 680 1245 delector.
725 1181 770 1245 Sit
788 1181 930 1245 modoss

141 1287 270 1349 lentium
286 1307 351 1348 acre
366 1288 396 1349 δι
418 1287 565 1350 intentum
578 1289 610 1350 ἀ
628 1287 771 1369 cupidum
792 1289 931 1352 ulteriora

142 1391 295 1453 audiendi.
335 1377 410 1454 ⁴Hoc
424 1389 523 1454 fructu
544 1404 639 1467 tanto,
664 1404 728 1452 tarn
741 1404 855 1474 parato,
878 1394 930 1454 dc·

141 1494 202 1557 fine
215 1495 309 1557 studia
319 1508 373 1558 tua
385 1495 502 1564 infinita
512 1496 564 1558 ista
575 1496 763 1560 ctmdiatione
773 1493 927 1560 fraudare:

142 1622 213 1685 quae
237 1622 306 1664 cum
330 1603 456 1664 modurn
475 1603 600 1676 excedit,
628 1604 793 1666 verendum
817 1600 869 1676 est,
892 1622 930 1666 ne

143 1707 258 1768 inertiae
274 1708 304 1772 ἃ
320 1707 436 1769 defidiae
453 1709 502 1770 vel
516 1707 608 1769 etiam
629 1706 798 1770 timiditatis
818 1726 929 1772 nomon

140 1811 279 1895 accipiat.¹
321 1812 407 1874 Vale.
493 1800 497 1809 ¹

219 2043 270 2085 xr.
304 2042 338 2086 c.
362 2021 512 2087 *perraros
535 2042 704 2089 nantario
726 2041 794 2088 suo
818 2046 847 2089 s.
917 2054 923 2072 ··

144 2186 279 2300 Socer
302 2234 359 2298 eise
372 2234 480 2317 gaudio
493 2236 558 2310 tibi,
581 2232 603 2295 st
625 2236 697 2319 quid
718 2235 824 2299 adium
841 2234 882 2300 est
895 2236 928 2300 in

139 2337 241 2401 senatu
268 2341 393 2422 dignum
414 2341 518 2404 ordine
545 2341 608 2403 illo.
663 2338 814 2425 Quamvis
845 2343 928 2428 enim

140 2445 248 2526 quietis
270 2465 372 2507 amore
391 2443 546 2521 secesseris,
575 2444 679 2507 insidet
699 2457 801 2510 tamen
826 2448 941 2511 animo

140 2560 194 2611 tuo
207 2549 366 2634 majestatis
378 2549 507 2633 publicae
521 2569 602 2614 cura.
639 2549 751 2634 Accipe
765 2572 834 2635 crgo
846 2556 928 2636 quod

139 2675 191 2738 per
209 2653 267 2718 hos'
284 2656 346 2717 dies
370 2656 471 2719 actum
485 2655 525 2718 est
538 2654 670 2740 personae
682 2657 820 2719 claritate·
828 2653 927 2720 famo·

138 2759 215 2839 sum,
242 2760 394 2823 severitate
412 2761 542 2845 exempli
562 2760 690 2837 salubre,
715 2762 757 2824 rei
776 2759 927 2841 magnitu-

137 2868 207 2930 dine
236 2879 393 2929 aeternum.
438 2865 558 2930 Matius
590 2865 704 2930 Priscus
726 2862 929 2932 accusantibus

137 2970 234 3055 Afris,
265 2971 375 3055 quibus
398 2970 559 3037 Proconiul
583 2969 713 3057 pratuit,
742 2966 848 3035 omitia
875 2971 927 3034 do-
