<?xml version="1.0" encoding="UTF-8"?>
<!DOCTYPE html PUBLIC "-//W3C//DTD XHTML 1.0 Transitional//EN"
    "http://www.w3.org/TR/xhtml1/DTD/xhtml1-transitional.dtd">
<html xmlns="http://www.w3.org/1999/xhtml" xml:lang="en" lang="en">
 <head>
  <title>
</title>
<meta http-equiv="Content-Type" content="text/html;charset=utf-8" />
  <meta name='ocr-system' content='tesseract 3.04.00' />
  <meta name='ocr-capabilities' content='ocr_page ocr_carea ocr_par ocr_line ocrx_word'/>
</head>
<body>
  <div class='ocr_page' id='page_1' title='image "./cpliniicciliise01plingoog_0322.png"; bbox 0 0 2317 3767; ppageno 0'>
   <div class='ocr_carea' id='block_1_1' title="bbox 228 269 858 341">
    <p class='ocr_par' dir='ltr' id='par_1_1' title="bbox 228 269 858 341">
     <span class='ocr_line' id='line_1_1' title="bbox 228 269 858 341; baseline 0.005 -23"><span class='ocrx_word' id='word_1_1' title='bbox 228 269 292 341; x_wconf 76' lang='grc'>304</span> <span class='ocrx_word' id='word_1_2' title='bbox 388 270 421 319; x_wconf 80' lang='lat' dir='ltr'>C·</span> <span class='ocrx_word' id='word_1_3' title='bbox 450 273 566 320; x_wconf 79' lang='lat' dir='ltr'>PLlN.</span> <span class='ocrx_word' id='word_1_4' title='bbox 593 272 858 322; x_wconf 74' lang='lat' dir='ltr'><strong>EPISTOLAR.</strong></span> 
     </span>
    </p>
   </div>
   <div class='ocr_carea' id='block_1_2' title="bbox 169 414 1028 3030">
    <p class='ocr_par' dir='ltr' id='par_1_2' title="bbox 169 414 1028 3030">
     <span class='ocr_line' id='line_1_2' title="bbox 226 414 1021 508; baseline 0.008 -32"><span class='ocrx_word' id='word_1_5' title='bbox 226 414 356 477; x_wconf 83' lang='lat' dir='ltr'>vinciam</span> <span class='ocrx_word' id='word_1_6' title='bbox 369 414 565 493; x_wconf 85' lang='lat' dir='ltr'>reversurum,</span> <span class='ocrx_word' id='word_1_7' title='bbox 577 417 678 500; x_wconf 91' lang='lat' dir='ltr'>ibique</span> <span class='ocrx_word' id='word_1_8' title='bbox 688 418 879 481; x_wconf 90' lang='lat' dir='ltr'>moriturum.</span> <span class='ocrx_word' id='word_1_9' title='bbox 926 416 1021 508; x_wconf 72' lang='lat' dir='ltr'>Fasia</span> 
     </span>
     <span class='ocr_line' id='line_1_3' title="bbox 225 514 1028 606; baseline 0.007 -25"><span class='ocrx_word' id='word_1_10' title='bbox 225 514 292 582; x_wconf 92' lang='lat' dir='ltr'>sunt</span> <span class='ocrx_word' id='word_1_11' title='bbox 305 521 418 583; x_wconf 90' lang='lat' dir='ltr'>omnia.</span> <span class='ocrx_word' id='word_1_12' title='bbox 462 521 610 586; x_wconf 88' lang='lat' dir='ltr'>Praeterea</span> <span class='ocrx_word' id='word_1_13' title='bbox 622 523 771 585; x_wconf 80' lang='lat' dir='ltr'>accedenti</span> <span class='ocrx_word' id='word_1_14' title='bbox 786 521 1028 606; x_wconf 77' lang='lat' dir='ltr'>Carthaginem,</span> 
     </span>
     <span class='ocr_line' id='line_1_4' title="bbox 225 626 1021 710; baseline 0.004 -23"><span class='ocrx_word' id='word_1_15' title='bbox 225 626 443 710; x_wconf 79' lang='lat' dir='ltr'>egredientique</span> <span class='ocrx_word' id='word_1_16' title='bbox 464 647 586 703; x_wconf 88' lang='lat' dir='ltr'>navem,</span> <span class='ocrx_word' id='word_1_17' title='bbox 612 629 738 690; x_wconf 90' lang='lat' dir='ltr'>eandem</span> <span class='ocrx_word' id='word_1_18' title='bbox 760 627 855 710; x_wconf 85' lang='lat' dir='ltr'>figura</span> <span class='ocrx_word' id='word_1_19' title='bbox 878 628 911 690; x_wconf 93' lang='lat' dir='ltr'>in</span> <span class='ocrx_word' id='word_1_20' title='bbox 932 629 1021 692; x_wconf 90' lang='lat' dir='ltr'>litore</span> 
     </span>
     <span class='ocr_line' id='line_1_5' title="bbox 225 731 1019 817; baseline 0.003 -24"><span class='ocrx_word' id='word_1_21' title='bbox 225 731 380 794; x_wconf 76' lang='lat' dir='ltr'>occurrisse</span> <span class='ocrx_word' id='word_1_22' title='bbox 393 746 539 796; x_wconf 85' lang='lat' dir='ltr'>narratur.</span> <span class='ocrx_word' id='word_1_23' title='bbox 586 731 652 817; x_wconf 89' lang='lat' dir='ltr'>Ipse</span> <span class='ocrx_word' id='word_1_24' title='bbox 666 747 744 796; x_wconf 89' lang='lat' dir='ltr'>certe</span> <span class='ocrx_word' id='word_1_25' title='bbox 759 733 921 816; x_wconf 86' lang='lat' dir='ltr'>implicitus</span> <span class='ocrx_word' id='word_1_26' title='bbox 935 755 1019 797; x_wconf 89' lang='lat' dir='ltr'>mor-</span> 
     </span>
     <span class='ocr_line' id='line_1_6' title="bbox 225 830 1020 921; baseline 0.004 -23"><span class='ocrx_word' id='word_1_27' title='bbox 225 830 277 912; x_wconf 86' lang='lat' dir='ltr'>bo,</span> <span class='ocrx_word' id='word_1_28' title='bbox 304 834 404 900; x_wconf 88' lang='lat' dir='ltr'>sutura</span> <span class='ocrx_word' id='word_1_29' title='bbox 416 839 582 921; x_wconf 74' lang='lat' dir='ltr'>praeteritis,</span> <span class='ocrx_word' id='word_1_30' title='bbox 608 837 729 902; x_wconf 88' lang='lat' dir='ltr'>adversa</span> <span class='ocrx_word' id='word_1_31' title='bbox 742 836 875 901; x_wconf 90' lang='lat' dir='ltr'>secundis</span> <span class='ocrx_word' id='word_1_32' title='bbox 890 858 1020 921; x_wconf 87' lang='lat' dir='ltr'>augura-</span> 
     </span>
     <span class='ocr_line' id='line_1_7' title="bbox 211 939 1017 1028; baseline 0.006 -26"><span class='ocrx_word' id='word_1_33' title='bbox 211 952 286 1021; x_wconf 81' lang='lat' dir='ltr'>tus,</span> <span class='ocrx_word' id='word_1_34' title='bbox 312 939 393 1024; x_wconf 87' lang='lat' dir='ltr'>spem</span> <span class='ocrx_word' id='word_1_35' title='bbox 421 942 534 1019; x_wconf 89' lang='lat' dir='ltr'>salutis,</span> <span class='ocrx_word' id='word_1_36' title='bbox 573 946 658 1007; x_wconf 92' lang='lat' dir='ltr'>nullo</span> <span class='ocrx_word' id='word_1_37' title='bbox 685 942 806 1007; x_wconf 88' lang='lat' dir='ltr'>suorum</span> <span class='ocrx_word' id='word_1_38' title='bbox 835 944 1017 1028; x_wconf 77' lang='lat' dir='ltr'>desperante,</span> 
     </span>
     <span class='ocr_line' id='line_1_8' title="bbox 225 1044 1016 1132; baseline 0.006 -25"><span class='ocrx_word' id='word_1_39' title='bbox 225 1044 358 1128; x_wconf 89' lang='lat' dir='ltr'>projecit.</span> <span class='ocrx_word' id='word_1_40' title='bbox 400 1047 472 1130; x_wconf 92' lang='lat' dir='ltr'>Jam</span> <span class='ocrx_word' id='word_1_41' title='bbox 486 1048 572 1124; x_wconf 89' lang='lat' dir='ltr'>illud,</span> <span class='ocrx_word' id='word_1_42' title='bbox 589 1054 687 1111; x_wconf 85' lang='lat' dir='ltr'>nonne</span> <span class='ocrx_word' id='word_1_43' title='bbox 701 1050 732 1113; x_wconf 70' lang='grc' dir='ltr'><strong>ἃ</strong></span> <span class='ocrx_word' id='word_1_44' title='bbox 754 1051 849 1132; x_wconf 81' lang='lat' dir='ltr'>magis</span> <span class='ocrx_word' id='word_1_45' title='bbox 874 1051 1016 1126; x_wconf 86' lang='lat' dir='ltr'>terribile,</span> 
     </span>
     <span class='ocr_line' id='line_1_9' title="bbox 224 1149 1019 1238; baseline 0.01 -27"><span class='ocrx_word' id='word_1_46' title='bbox 224 1149 256 1212; x_wconf 72' lang='lat' dir='ltr'>sc</span> <span class='ocrx_word' id='word_1_47' title='bbox 278 1170 340 1212; x_wconf 93' lang='lat' dir='ltr'>non</span> <span class='ocrx_word' id='word_1_48' title='bbox 362 1152 462 1214; x_wconf 91' lang='lat' dir='ltr'>minus</span> <span class='ocrx_word' id='word_1_49' title='bbox 482 1153 595 1216; x_wconf 91' lang='lat' dir='ltr'>mirum</span> <span class='ocrx_word' id='word_1_50' title='bbox 622 1153 684 1215; x_wconf 84' lang='lat' dir='ltr'>est?</span> <span class='ocrx_word' id='word_1_51' title='bbox 711 1155 791 1238; x_wconf 93' lang='lat' dir='ltr'>quod</span> <span class='ocrx_word' id='word_1_52' title='bbox 809 1176 958 1238; x_wconf 83' lang='lat' dir='ltr'>exponam</span> <span class='ocrx_word' id='word_1_53' title='bbox 985 1171 1019 1219; x_wconf 92' lang='lat' dir='ltr'>ut</span> 
     </span>
     <span class='ocr_line' id='line_1_10' title="bbox 224 1256 1016 1342; baseline 0.008 -25"><span class='ocrx_word' id='word_1_54' title='bbox 224 1256 334 1339; x_wconf 90' lang='lat' dir='ltr'>accepi.</span> <span class='ocrx_word' id='word_1_55' title='bbox 378 1256 451 1320; x_wconf 88' lang='lat' dir='ltr'>Erat</span> <span class='ocrx_word' id='word_1_56' title='bbox 465 1256 594 1322; x_wconf 84' lang='lat' dir='ltr'>Athenis</span> <span class='ocrx_word' id='word_1_57' title='bbox 608 1256 774 1342; x_wconf 87' lang='lat' dir='ltr'>spatiosa&amp;</span> <span class='ocrx_word' id='word_1_58' title='bbox 788 1280 881 1342; x_wconf 84' lang='lat' dir='ltr'>capax</span> <span class='ocrx_word' id='word_1_59' title='bbox 894 1263 1016 1338; x_wconf 92' lang='lat' dir='ltr'>domus,</span> 
     </span>
     <span class='ocr_line' id='line_1_11' title="bbox 169 1359 1019 1446; baseline 0.008 -24"><span class='ocrx_word' id='word_1_60' title='bbox 169 1366 175 1375; x_wconf 85' lang='lat'><strong><em>&#39;</em></strong></span> <span class='ocrx_word' id='word_1_61' title='bbox 225 1359 273 1424; x_wconf 91' lang='lat' dir='ltr'>sed</span> <span class='ocrx_word' id='word_1_62' title='bbox 298 1359 420 1426; x_wconf 89' lang='lat' dir='ltr'>infamis</span> <span class='ocrx_word' id='word_1_63' title='bbox 445 1364 476 1427; x_wconf 76' lang='grc' dir='ltr'>δι</span> <span class='ocrx_word' id='word_1_64' title='bbox 497 1363 653 1446; x_wconf 76' lang='lat' dir='ltr'>pestilensr</span> <span class='ocrx_word' id='word_1_65' title='bbox 680 1385 733 1446; x_wconf 91' lang='lat' dir='ltr'>per</span> <span class='ocrx_word' id='word_1_66' title='bbox 750 1363 899 1427; x_wconf 91' lang='lat' dir='ltr'>filentium</span> <span class='ocrx_word' id='word_1_67' title='bbox 920 1366 1019 1429; x_wconf 73' lang='lat' dir='ltr'>nostis</span> 
     </span>
     <span class='ocr_line' id='line_1_12' title="bbox 225 1464 1018 1553; baseline 0.006 -24"><span class='ocrx_word' id='word_1_68' title='bbox 225 1465 314 1530; x_wconf 90' lang='lat' dir='ltr'>sonus</span> <span class='ocrx_word' id='word_1_69' title='bbox 334 1464 418 1544; x_wconf 88' lang='lat' dir='ltr'>ferri,</span> <span class='ocrx_word' id='word_1_70' title='bbox 446 1468 530 1544; x_wconf 87' lang='lat' dir='ltr'>&amp;,s1</span> <span class='ocrx_word' id='word_1_71' title='bbox 555 1470 720 1531; x_wconf 89' lang='lat' dir='ltr'>attenderes</span> <span class='ocrx_word' id='word_1_72' title='bbox 748 1470 855 1545; x_wconf 87' lang='lat' dir='ltr'>acrius,</span> <span class='ocrx_word' id='word_1_73' title='bbox 882 1470 1018 1553; x_wconf 83' lang='lat' dir='ltr'>strepitus</span> 
     </span>
     <span class='ocr_line' id='line_1_13' title="bbox 225 1572 1018 1659; baseline 0.005 -25"><span class='ocrx_word' id='word_1_74' title='bbox 225 1573 414 1636; x_wconf 90' lang='lat' dir='ltr'>vinculorum</span> <span class='ocrx_word' id='word_1_75' title='bbox 428 1573 547 1656; x_wconf 85' lang='lat' dir='ltr'>longius</span> <span class='ocrx_word' id='word_1_76' title='bbox 560 1574 668 1659; x_wconf 90' lang='lat' dir='ltr'>primo,</span> <span class='ocrx_word' id='word_1_77' title='bbox 686 1572 791 1636; x_wconf 89' lang='lat' dir='ltr'>deinde</span> <span class='ocrx_word' id='word_1_78' title='bbox 804 1576 943 1657; x_wconf 81' lang='lat' dir='ltr'>proximo</span> <span class='ocrx_word' id='word_1_79' title='bbox 949 1579 1018 1638; x_wconf 90' lang='lat' dir='ltr'>red-</span> 
     </span>
     <span class='ocr_line' id='line_1_14' title="bbox 224 1677 1018 1762; baseline 0 -20"><span class='ocrx_word' id='word_1_80' title='bbox 224 1682 360 1742; x_wconf 87' lang='lat' dir='ltr'>debatur.</span> <span class='ocrx_word' id='word_1_81' title='bbox 382 1682 384 1685; x_wconf 75' lang='grc'>’</span> <span class='ocrx_word' id='word_1_82' title='bbox 405 1677 486 1741; x_wconf 82' lang='lat' dir='ltr'>Mox</span> <span class='ocrx_word' id='word_1_83' title='bbox 509 1680 668 1762; x_wconf 85' lang='lat' dir='ltr'>apparebat</span> <span class='ocrx_word' id='word_1_84' title='bbox 683 1679 900 1756; x_wconf 72' lang='lat' dir='ltr'>idolon,.senex</span> <span class='ocrx_word' id='word_1_85' title='bbox 921 1682 1018 1743; x_wconf 89' lang='lat' dir='ltr'>macie</span> 
     </span>
     <span class='ocr_line' id='line_1_15' title="bbox 223 1780 1019 1868; baseline 0 -20"><span class='ocrx_word' id='word_1_86' title='bbox 223 1785 254 1848; x_wconf 76' lang='grc' dir='ltr'>δι</span> <span class='ocrx_word' id='word_1_87' title='bbox 274 1783 406 1868; x_wconf 89' lang='lat' dir='ltr'>squalore</span> <span class='ocrx_word' id='word_1_88' title='bbox 416 1780 581 1859; x_wconf 76' lang='lat' dir='ltr'>confectus,</span> <span class='ocrx_word' id='word_1_89' title='bbox 598 1784 746 1867; x_wconf 69' lang='lat' dir='ltr'>promissa·</span> <span class='ocrx_word' id='word_1_90' title='bbox 757 1786 861 1862; x_wconf 87' lang='lat' dir='ltr'>barba,</span> <span class='ocrx_word' id='word_1_91' title='bbox 885 1786 1019 1849; x_wconf 87' lang='lat' dir='ltr'>horrenti</span> 
     </span>
     <span class='ocr_line' id='line_1_16' title="bbox 224 1890 1018 1974; baseline 0.001 -22"><span class='ocrx_word' id='word_1_92' title='bbox 224 1890 343 1973; x_wconf 88' lang='lat' dir='ltr'>capillo,</span> <span class='ocrx_word' id='word_1_93' title='bbox 379 1890 513 1953; x_wconf 90' lang='lat' dir='ltr'>cruribus</span> <span class='ocrx_word' id='word_1_94' title='bbox 537 1892 706 1974; x_wconf 85' lang='lat' dir='ltr'>compedes,</span> <span class='ocrx_word' id='word_1_95' title='bbox 733 1892 872 1954; x_wconf 90' lang='lat' dir='ltr'>manibus</span> <span class='ocrx_word' id='word_1_96' title='bbox 897 1904 1018 1955; x_wconf 90' lang='lat' dir='ltr'>catenas</span> 
     </span>
     <span class='ocr_line' id='line_1_17' title="bbox 223 1995 1018 2079; baseline 0.005 -24"><span class='ocrx_word' id='word_1_97' title='bbox 223 1997 354 2076; x_wconf 85' lang='lat' dir='ltr'>gerebat,</span> <span class='ocrx_word' id='word_1_98' title='bbox 398 1995 627 2079; x_wconf 87' lang='lat' dir='ltr'>quatiebatque:</span> <span class='ocrx_word' id='word_1_99' title='bbox 674 1995 742 2057; x_wconf 91' lang='lat' dir='ltr'>inde</span> <span class='ocrx_word' id='word_1_100' title='bbox 780 1996 1018 2059; x_wconf 89' lang='lat' dir='ltr'>inhabitantibus</span> 
     </span>
     <span class='ocr_line' id='line_1_18' title="bbox 225 2099 1015 2185; baseline 0.005 -24"><span class='ocrx_word' id='word_1_101' title='bbox 225 2099 318 2162; x_wconf 87' lang='lat' dir='ltr'>tristes</span> <span class='ocrx_word' id='word_1_102' title='bbox 331 2101 461 2184; x_wconf 83' lang='lat' dir='ltr'>diraeque</span> <span class='ocrx_word' id='word_1_103' title='bbox 476 2101 577 2163; x_wconf 74' lang='lat' dir='ltr'>nostes</span> <span class='ocrx_word' id='word_1_104' title='bbox 591 2112 644 2185; x_wconf 88' lang='lat' dir='ltr'>per</span> <span class='ocrx_word' id='word_1_105' title='bbox 657 2114 773 2163; x_wconf 91' lang='lat' dir='ltr'>metum</span> <span class='ocrx_word' id='word_1_106' title='bbox 796 2102 1015 2183; x_wconf 75' lang='lat' dir='ltr'>vigilabanturr</span> 
     </span>
     <span class='ocr_line' id='line_1_19' title="bbox 225 2203 1019 2287; baseline 0.004 -21"><span class='ocrx_word' id='word_1_107' title='bbox 225 2205 360 2287; x_wconf 85' lang='lat' dir='ltr'>vigiliam</span> <span class='ocrx_word' id='word_1_108' title='bbox 373 2206 546 2269; x_wconf 89' lang='lat' dir='ltr'>morbus&amp;</span> <span class='ocrx_word' id='word_1_109' title='bbox 569 2204 713 2269; x_wconf 87' lang='lat' dir='ltr'>crescente</span> <span class='ocrx_word' id='word_1_110' title='bbox 738 2203 910 2283; x_wconf 89' lang='lat' dir='ltr'>formidine,</span> <span class='ocrx_word' id='word_1_111' title='bbox 934 2227 1019 2271; x_wconf 88' lang='lat' dir='ltr'>mors</span> 
     </span>
     <span class='ocr_line' id='line_1_20' title="bbox 224 2308 1018 2396; baseline 0.005 -25"><span class='ocrx_word' id='word_1_112' title='bbox 224 2308 410 2393; x_wconf 80' lang='lat' dir='ltr'>sequebatur.</span> <span class='ocrx_word' id='word_1_113' title='bbox 453 2309 540 2374; x_wconf 90' lang='lat' dir='ltr'>Nam</span> <span class='ocrx_word' id='word_1_114' title='bbox 560 2310 689 2372; x_wconf 90' lang='lat' dir='ltr'>interdiu</span> <span class='ocrx_word' id='word_1_115' title='bbox 709 2333 826 2396; x_wconf 91' lang='lat' dir='ltr'>quoquc</span> <span class='ocrx_word' id='word_1_116' title='bbox 844 2326 1018 2395; x_wconf 88' lang='lat' dir='ltr'>quanquam</span> 
     </span>
     <span class='ocr_line' id='line_1_21' title="bbox 225 2413 1020 2499; baseline 0.004 -21"><span class='ocrx_word' id='word_1_117' title='bbox 225 2413 394 2479; x_wconf 77' lang='lat' dir='ltr'>abscesserat</span> <span class='ocrx_word' id='word_1_118' title='bbox 430 2414 541 2498; x_wconf 82' lang='lat' dir='ltr'>image,</span> <span class='ocrx_word' id='word_1_119' title='bbox 571 2417 717 2478; x_wconf 88' lang='lat' dir='ltr'>memoria</span> <span class='ocrx_word' id='word_1_120' title='bbox 748 2417 885 2499; x_wconf 88' lang='lat' dir='ltr'>imaginis</span> <span class='ocrx_word' id='word_1_121' title='bbox 922 2418 1020 2481; x_wconf 90' lang='lat' dir='ltr'>oculis</span> 
     </span>
     <span class='ocr_line' id='line_1_22' title="bbox 225 2511 1016 2604; baseline 0.001 -19"><span class='ocrx_word' id='word_1_122' title='bbox 225 2521 384 2596; x_wconf 81' lang='lat' dir='ltr'>inerrabat,</span> <span class='ocrx_word' id='word_1_123' title='bbox 407 2511 605 2604; x_wconf 85' lang='lat' dir='ltr'>longiorisque</span> <span class='ocrx_word' id='word_1_124' title='bbox 619 2519 704 2584; x_wconf 89' lang='lat' dir='ltr'>causa</span> <span class='ocrx_word' id='word_1_125' title='bbox 714 2522 829 2585; x_wconf 90' lang='lat' dir='ltr'>timoris</span> <span class='ocrx_word' id='word_1_126' title='bbox 840 2523 931 2585; x_wconf 90' lang='lat' dir='ltr'>timor</span> <span class='ocrx_word' id='word_1_127' title='bbox 941 2535 1016 2586; x_wconf 60' lang='lat' dir='ltr'>erat,</span> 
     </span>
     <span class='ocr_line' id='line_1_23' title="bbox 226 2624 1018 2703; baseline -0.003 -11"><span class='ocrx_word' id='word_1_128' title='bbox 226 2625 353 2692; x_wconf 91' lang='lat' dir='ltr'>Deserta</span> <span class='ocrx_word' id='word_1_129' title='bbox 365 2626 434 2689; x_wconf 93' lang='lat' dir='ltr'>inde</span> <span class='ocrx_word' id='word_1_130' title='bbox 455 2626 640 2690; x_wconf 89' lang='lat' dir='ltr'>&amp;damnata</span> <span class='ocrx_word' id='word_1_131' title='bbox 658 2624 814 2689; x_wconf 91' lang='lat' dir='ltr'>solitudine</span> <span class='ocrx_word' id='word_1_132' title='bbox 833 2628 952 2703; x_wconf 90' lang='lat' dir='ltr'>domus,</span> <span class='ocrx_word' id='word_1_133' title='bbox 967 2640 1018 2701; x_wconf 67' lang='lat' dir='ltr'>to·v</span> 
     </span>
     <span class='ocr_line' id='line_1_24' title="bbox 224 2729 1016 2817; baseline -0.004 -21"><span class='ocrx_word' id='word_1_134' title='bbox 224 2746 312 2817; x_wconf 89' lang='lat' dir='ltr'>taque</span> <span class='ocrx_word' id='word_1_135' title='bbox 339 2732 385 2795; x_wconf 91' lang='lat' dir='ltr'>illi</span> <span class='ocrx_word' id='word_1_136' title='bbox 406 2729 536 2794; x_wconf 87' lang='lat' dir='ltr'>monstro</span> <span class='ocrx_word' id='word_1_137' title='bbox 564 2732 690 2794; x_wconf 75' lang='lat' dir='ltr'>relistat</span> <span class='ocrx_word' id='word_1_138' title='bbox 717 2731 949 2815; x_wconf 89' lang='lat' dir='ltr'>proscribebatur</span> <span class='ocrx_word' id='word_1_139' title='bbox 969 2745 1016 2794; x_wconf 87' lang='lat' dir='ltr'>ta-</span> 
     </span>
     <span class='ocr_line' id='line_1_25' title="bbox 225 2834 1018 2921; baseline 0.003 -21"><span class='ocrx_word' id='word_1_140' title='bbox 225 2858 308 2912; x_wconf 90' lang='lat' dir='ltr'>men,</span> <span class='ocrx_word' id='word_1_141' title='bbox 330 2835 380 2899; x_wconf 92' lang='lat' dir='ltr'>seu</span> <span class='ocrx_word' id='word_1_142' title='bbox 393 2837 459 2921; x_wconf 92' lang='lat' dir='ltr'>quis</span> <span class='ocrx_word' id='word_1_143' title='bbox 473 2856 583 2914; x_wconf 87' lang='lat' dir='ltr'>emere,</span> <span class='ocrx_word' id='word_1_144' title='bbox 598 2834 648 2899; x_wconf 89' lang='lat' dir='ltr'>seu</span> <span class='ocrx_word' id='word_1_145' title='bbox 661 2837 728 2920; x_wconf 91' lang='lat' dir='ltr'>quis</span> <span class='ocrx_word' id='word_1_146' title='bbox 741 2840 915 2916; x_wconf 87' lang='lat' dir='ltr'>conducere,</span> <span class='ocrx_word' id='word_1_147' title='bbox 932 2840 1018 2921; x_wconf 85' lang='lat' dir='ltr'>igna-</span> 
     </span>
     <span class='ocr_line' id='line_1_26' title="bbox 226 2940 1018 3030; baseline 0 -23"><span class='ocrx_word' id='word_1_148' title='bbox 226 2963 276 3006; x_wconf 83' lang='lat' dir='ltr'>rus</span> <span class='ocrx_word' id='word_1_149' title='bbox 301 2943 377 3007; x_wconf 91' lang='lat' dir='ltr'>tanti</span> <span class='ocrx_word' id='word_1_150' title='bbox 399 2941 472 3030; x_wconf 88' lang='lat' dir='ltr'>mali</span> <span class='ocrx_word' id='word_1_151' title='bbox 486 2941 586 3004; x_wconf 88' lang='lat' dir='ltr'>vellet.</span> <span class='ocrx_word' id='word_1_152' title='bbox 632 2940 723 3005; x_wconf 91' lang='lat' dir='ltr'>Venit</span> <span class='ocrx_word' id='word_1_153' title='bbox 737 2941 873 3006; x_wconf 87' lang='lat' dir='ltr'>Athenas</span> <span class='ocrx_word' id='word_1_154' title='bbox 886 2943 1018 3026; x_wconf 90' lang='lat' dir='ltr'>philoso-</span> 
     </span>
    </p>
   </div>
   <div class='ocr_carea' id='block_1_3' title="bbox 0 0 1164 3767">
    <p class='ocr_par' dir='ltr' id='par_1_3' title="bbox 0 0 1164 3767">
     <span class='ocr_line' id='line_1_27' title="bbox 0 0 1164 3767; baseline 0 0"><span class='ocrx_word' id='word_1_155' title='bbox 0 0 1164 3767; x_wconf 95' lang='lat' dir='ltr'> </span> 
     </span>
    </p>
   </div>
  </div>
 </body>
</html>
