2317 3767
194 236 254 304 168
362 246 833 307 c.1³c1u.tr1s·rotuc.

190 399 264 462 dum
279 400 377 475 doleo,
403 400 446 462 ita
459 400 536 463 mihi
560 400 729 465 luctuosum
753 403 882 476 videtur,
902 402 994 483 quod·

191 503 304 586 puellas
316 503 527 568 honeffiffimas
541 507 574 568 in
596 506 669 569 flore
690 506 789 590 primo
802 503 984 570 foecunditas

192 607 319 672 abstulit.
364 607 470 692 Angor
482 606 646 675 infantium
659 609 746 689 sorte,
769 625 837 696 quae
847 610 915 673 sunt
930 632 984 693 pa-

191 713 323 776 rentibus
352 713 461 790 statim,
491 717 523 780 bc
549 719 625 779 dum
654 714 824 800 nascuntur,
857 718 986 780 orbatoe.-

189 815 296 900 Angor
309 820 494 902 optimorum
504 822 693 897 maritorum,
709 842 803 905 angor
809 822 901 884 etiam
915 841 987 887 meo
1017 876 1019 880 ,

189 923 324 985 nomine.
377 924 466 989 Nam
496 940 611 1008 patrem
639 926 760 989 illarum
802 921 982 989 defunctum

190 1047 309 1111 quoque
322 1028 601 1111 perseverantiffune
613 1032 716 1115 diligo,
729 1045 761 1094 ut
775 1030 892 1094 actione
902 1051 983 1108 moa,

189 1133 328 1218 librisque
340 1134 477 1202 testatum
491 1137 550 1199 est:
577 1137 627 1202 oui
641 1157 721 1200 nunc
743 1156 821 1199 unus
834 1156 872 1197 ex
889 1137 984 1209 tribus

190 1239 290 1302 liberis
311 1239 447 1324 superest,
477 1243 661 1325 domumque
690 1242 825 1325 pluribus
853 1239 983 1313 admini-

189 1345 264 1407 culis
279 1347 369 1429 paulo
391 1360 460 1409 ante
480 1344 638 1409 fundatam
658 1345 804 1409 desolatus
826 1342 923 1422 fulcit,
949 1366 985 1410 ao

190 1448 320 1518 sustinet.
364 1451 484 1535 Magno
508 1465 610 1515 tamen
635 1449 770 1514 fomento
791 1453 876 1515 dolor
893 1472 985 1515 -meus

190 1556 361 1641 acquiescet,
372 1556 394 1618 fi
406 1558 487 1618 hunc
500 1555 605 1618 saltem
615 1557 646 1619 ἃ
656 1556 852 1633 incolumem,
865 1578 984 1641 parem-e

190 1682 248 1744 que
257 1663 302 1729 illi
316 1660 405 1744 patri,
420 1661 465 1723 illi
479 1682 537 1723 avo
551 1657 671 1724 fortuna
684 1659 852 1725 servaverit.
884 1661 985 1748 Cujus

190 1783 246 1848 ego
268 1787 322 1848 pro
341 1763 446 1842 salute,
470 1786 524 1848 pro
545 1766 693 1842 moribus,
707 1766 766 1830 hoc
794 1766 860 1830 sum
887 1769 984 1851 magis

191 1871 308 1946 anxius,
319 1873 399 1955 quod
414 1871 519 1935 unicus
531 1868 630 1935 sacius
643 1870 695 1933 est.
738 1870 828 1936 Nosti
838 1872 870 1934 in
882 1893 984 1936 amore

191 1976 350 2039 mollitiem
373 1963 466 2039 auimi
492 1977 563 2053 mei,
591 1975 666 2040 nosti
682 1990 791 2040 metus.
836 1975 910 2062 Qto
924 1979 983 2041 mi-

191 2101 248 2143 nus
270 2093 299 2144 te
321 2082 424 2144 mirari
453 2083 610 2165 oportebit,
640 2084 722 2165 quod
750 2083 916 2166 plurimum
943 2085 983 2150 tie
1032 2109 1034 2114 ’

192 2206 303 2268 meam,
330 2188 442 2271 dequo
458 2187 624 2269 plurimum
638 2184 730 2278 spero,
776 2187 864 2267 Valet

192 2416 294 2468 xx11.
312 2418 346 2464 0·
359 2418 506 2463 PLINIUS
524 2416 737 2463 SEMPRONIO
753 2416 848 2463 RUFO
862 2415 929 2462 SUO
951 2419 1000 2463 ὃ..

194 2567 386 2678 quenum
406 2611 550 2696 Principis
564 2611 671 2695 optimi
681 2611 842 2696 cognitioni
860 2613 892 2675 in
910 2631 1002 2675 conv

192 2719 290 2784 filium
303 2718 478 2802 affumptus.
509 2715 681 2802 Gymnicus
695 2737 773 2799 agon
787 2718 865 2800 apud
886 2714 982 2778 Vien-

193 2826 296 2895 nenses
321 2848 359 2889 ex
373 2822 540 2909 cujusdam
568 2823 743 2888 testamento
767 2823 980 2888 celebrabatur.

116 2948 119 2954 “
194 2932 287 3001 Hun'c
306 2930 483 3010 Trebonius
497 2926 638 3004 Rufinus,
656 2926 706 2990 -vir
718 2929 863 3012 egregius,
883 2926 984 2991 nobis-
