2317 3767
228 265 273 346 84
389 284 423 330 c.
450 284 569 341 ratu,
593 284 856 333 rrrsrorar.

229 427 371 511 corporis.
425 426 517 496 Unde
545 428 652 491 accidit
687 440 721 490 ut
752 427 785 491 hi
812 426 865 511 qui
890 426 1025 492 sedentes

228 545 333 616 agunt,
356 535 494 617 quamvis
508 533 568 599 illis
582 535 716 598 maxima
730 555 767 596 ex
777 545 859 617 parte
882 531 1024 616 superfint

228 640 334 704 eadem
360 639 412 701 illa
436 660 505 724 quae
532 638 689 715 stantibus,
722 652 825 701 tamen
854 640 913 703 hoe
941 640 1023 722 quod

228 743 329 808 sedent
346 746 428 829 quasi
448 746 641 809 debilitentur
655 746 685 808 δι
697 745 913 829 deprimantur.
957 743 1026 815 Re·¹

228 849 387 914 citantium
401 851 640 934 veropraecipua
659 851 913 934 pronunciationis
934 850 1022 935 adju·

228 970 342 1033 menta,
365 958 457 1032 oculi,
470 977 590 1031 manus,
609 957 841 1040 praepediuntur,
857 956 1021 1039 quominus

229 1062 342 1125 mirum
363 1061 404 1125 est
433 1062 454 1124 fi
487 1061 657 1125 auditorum
688 1062 815 1128 intentio
847 1058 1019 1142 languescit,

228 1168 319 1231 nullis
342 1166 521 1231 extrinsecus
546 1180 598 1229 aut
620 1167 831 1230 blandimentis
858 1178 944 1250 capta
968 1177 1021 1228 aut

227 1274 337 1338 aculeis
362 1275 499 1337 excitata.
545 1272 605 1338 His
627 1274 739 1338 accedit
761 1274 842 1356 quod
864 1273 960 1342 oratio
981 1273 1020 1333 de

227 1401 288 1463 qua
305 1382 413 1464 loquor
430 1401 550 1465 pugnax
571 1380 602 1443 δι
628 1376 808 1444 contentiosa
830 1375 880 1439 est.
926 1376 1020 1444 Porro

227 1487 268 1549 ita
289 1500 395 1550 natura
419 1497 624 1568 comparatum
650 1483 702 1560 est,
727 1496 761 1547 ut
781 1505 817 1546 ea
841 1504 909 1568 quae
929 1481 1019 1567 scrip-

227 1590 317 1655 simus
346 1610 417 1653 cum
440 1590 552 1665 labore,
585 1590 676 1653 etiam
700 1611 771 1653 cum
795 1591 897 1653 labore
922 1589 1019 1652 audiri

227 1709 376 1779 putemus.
421 1692 463 1757 Et
487 1692 555 1756 sane
579 1693 808 1780 quotusquisque
828 1707 891 1761 tam
920 1695 1019 1759 rebius

226 1801 354 1876 auditor,
377 1820 469 1884 quem
482 1819 544 1862 non
558 1801 658 1883 potius
672 1802 770 1863 dulcia
784 1802 849 1864 hoec
867 1802 897 1864 δι
911 1800 1017 1878 sonan·

225 1907 279 1981 tia,
303 1927 394 1989 quam
407 1906 521 1969 austera
533 1907 564 1970 br
578 1904 671 1989 presl'a
693 1907 860 1970 delectent?
885 1906 937 1970 Est
945 1908 1019 1991 qui-

226 2012 296 2073 dem
321 2012 446 2075 omnino
468 2013 561 2096 turpis
587 2011 640 2074 ista
665 2011 819 2088 discordia,
839 2012 879 2075 est
901 2025 1016 2091 tamen,

224 2118 296 2201 quia
309 2119 483 2200 plerumque
497 2118 597 2179 evenit
616 2129 650 2186 ut
663 2118 744 2181 aliud
760 2118 920 2194 auditores,
935 2119 1018 2181 aliud

220 2223 337 2309 judices
359 2222 489 2306 exigant,
515 2242 587 2290 cum
601 2223 712 2307 alioqui
730 2225 879 2308 praecipue
900 2225 1019 2289 auditor

225 2331 262 2393 iis
287 2325 366 2391 affici
391 2328 508 2404 debeat,
531 2328 641 2410 quibus
659 2329 751 2406 idem,
779 2327 890 2398 fiforet
908 2328 1015 2414 judex,

225 2434 358 2498 maxime
371 2444 605 2516 permoveretur.
649 2432 748 2497 Potest
764 2446 867 2499 tamen
885 2435 962 2512 sieri,
983 2446 1018 2499 ut

225 2559 398 2624 quanquam
413 2539 444 2601 in
455 2538 504 2601 his
517 2536 742 2602 difficultatibus
752 2539 829 2604 libro
843 2540 888 2603 itti
899 2542 1017 2606 novitas

202 2715 205 2720 ,
223 2644 418 2730 lenocinetur.
434 2644 566 2708 Novitas
574 2646 652 2728 apud
661 2644 789 2709 nostrosz
803 2648 881 2729 apud
889 2645 1017 2712 Graecos

223 2753 305 2818 enirn
313 2749 354 2813 est
364 2750 506 2835 quiddam
515 2751 654 2834 quamvis
661 2770 699 2812 ex
709 2748 833 2828 diverso,
842 2773 903 2815 non
915 2764 1017 2826 tamen

223 2858 359 2936 omnino,
374 2854 519 2919 diffimile.
564 2854 654 2920 Nam
679 2870 713 2924 ut
737 2856 795 2919 illis
822 2870 885 2920 erat
911 2860 1017 2935 moris,

222 2964 302 3048 leges
313 2982 387 3046 quas
397 2974 431 3025 ut
446 2961 608 3026 contrarias
622 2961 771 3045 prioribus
782 2963 897 3047 legibus
911 2984 1017 3048 argue·
