2317 3767
208 275 278 349 344
376 281 410 331 c.
437 283 550 331 reru.
577 282 837 334 rrrsroonn.

214 430 321 498 morte,
341 426 436 508 'quam
457 426 529 490 vita.
573 426 659 492 Nam
675 449 746 493 eum
770 429 800 493 se
823 429 1009 513 eaptmdum

213 528 391 612 praebuiss'et,
421 533 540 617 reliquit
564 533 659 598 fidiam
680 536 840 611 heredem,
863 555 933 619 quae
961 532 1006 598 iili

212 652 284 696 eum
311 630 402 698 fratre
428 639 610 715 communis,
650 640 721 724 quia
753 640 883 724 genitam
912 637 1005 704 fratre

211 738 410 822 adoptaverat.
478 742 659 807 Prosecutus
687 743 728 808 est
749 758 870 828 nepotes
908 745 1003 829 pluri·

213 842 271 905 mis
281 843 555 932 jucundiffimisque
565 849 686 932 legatis:
723 848 890 933 prosecutus
909 852 1003 914 etiam

212 964 414 1032 pronepotem.
469 951 508 1015 ln
532 952 661 1031 summa,
689 955 793 1018 omnia
811 955 917 1038 pietate
938 956 1003 1039 ple·

212 1052 346 1119 nissum:
378 1077 413 1120 ac
437 1070 522 1123 tanto
540 1060 647 1142 magis,
663 1059 805 1145 quoniam
819 1060 1003 1144 inexpethta

210 1158 287 1223 sunt.
333 1160 415 1246 Ergo
427 1162 502 1226 varii
523 1177 586 1228 tota
608 1165 727 1228 civitate
749 1163 915 1228 sennonese
948 1164 1000 1228 elii

210 1265 328 1344 fidium,
344 1268 506 1352 ingratum,
528 1269 736 1333 immemorem
759 1271 931 1355 loquuntur,
955 1268 1002 1332 fe-

209 1391 268 1455 que
282 1371 369 1456 ipsos,
393 1375 468 1437 dum
496 1373 675 1439 infodiuntur
701 1375 800 1452 illum,
828 1374 1000 1458 turpiffimie

209 1473 437 1543 eonfefftonibus
450 1481 591 1564 produnt,
613 1479 665 1565 qui
686 1482 724 1543 de
751 1480 806 1544 iilo
825 1482 868 1545 uti
886 1483 924 1544 de
946 1502 1001 1566 pa·

210 1594 266 1662 tre,
295 1604 364 1663 avo,
387 1604 511 1669 proavo,
537 1584 618 1670 quast
642 1586 719 1661 orbi,
743 1598 923 1671 querentur:
948 1587 1001 1650 eiii

209 1702 312 1754 contra
325 1691 382 1754 hoc
393 1689 488 1774 ipsum
503 1690 642 1754 laudibus
655 1687 767 1767 ferunt,
787 1692 867 1775 quod
877 1690 912 1754 srt
924 1687 1007 1754 frus*
1148 1752 1150 1765 4

210 1806 304 1858 tratur
324 1794 474 1881 improbas
496 1795 558 1881 spes
584 1797 757 1873 hominum,
779 1796 905 1881 quoestc
919 1797 1003 1861 doei-

207 1918 290 1983 pere,
319 1921 374 1986 pro
396 1902 530 1965 moribus
558 1916 741 1986 temporum,
765 1902 920 1988 prudentia
946 1901 997 1967 est.

209 2003 337 2071 Addunt
349 2007 440 2071 etiam
459 2027 520 2070 non
532 2003 618 2071 fuiffe
632 2008 660 2071 ei
680 2008 822 2085 libemm,
844 2008 905 2071 alio
914 2006 1000 2070 testa·

208 2122 311 2173 mento
330 2114 433 2176 moriz‘
449 2132 545 2198 neque
563 2113 646 2175 enim
666 2111 812 2198 reliquiffe
833 2132 903 2197 opes
916 2111 999 2190 fiiioe,

208 2213 256 2279 sed
271 2216 437 2294 reddidiffe,
459 2218 568 2302 quibus
589 2217 694 2281 antius
715 2238 767 2303 per
780 2216 876 2282 filiam
889 2213 999 2281 fuerat.

208 2320 295 2386 Nam
310 2320 436 2387 Curtius
459 2322 581 2387 Mantia
606 2322 723 2407 perosus
745 2342 888 2408 generum
912 2321 1000 2387 turm

209 2426 423 2493 Domitianum
446 2427 606 2492 Lucanum
631 2426 734 2514 (frater
756 2429 796 2492 est
824 2425 926 2507 Tulli)
946 2428 1002 2494 sub

207 2552 242 2596 ea
255 2533 425 2598 conditione
443 2534 537 2598 filiam
552 2535 617 2620 ejus
636 2548 754 2620 neptem
768 2533 864 2612 suem,
884 2534 1002 2601 institu-

206 2650 269 2702 emt
296 2640 458 2718 heredem,
486 2641 508 2704 fi
537 2638 608 2704 effet
636 2660 728 2705 manu
757 2642 848 2725 patris
881 2642 997 2707 emisse.

68 2729 79 2739 ⁸
206 2742 352 2810 Emiserat
376 2759 470 2830 pater,
501 2747 694 2830 adoptavemt
730 2760 874 2831 patruus:
910 2760 1000 2834 atque

205 2850 248 2913 ita
269 2850 488 2936 circumscripto
508 2850 698 2928 testamento,'
717 2850 834 2916 consors
854 2849 945 2917 frater
965 2854 1000 2918 in

203 2956 296 3040 patrie
313 2955 452 3041 potestate
466 2957 686 3042 emancipatum
708 2955 804 3021 filiam
815 2970 818 2975 ⁴
828 2958 997 3044 adoptionis
