2317 3767
241 261 304 333 '126
410 285 446 333 c.
476 283 591 332 nnn.
617 255 882 338 onssnonn'n.

303 549 417 598 xv111.
443 551 477 599 c·
500 552 651 601 'sumus
674 555 817 608 ssvssso
840 558 908 605 suo
930 552 963 604 fl.
1026 575 1031 594 ι

238 714 461 832 Onmcton
499 768 681 834 Consulatus
717 768 848 855 injunxit
877 773 966 852 mihi,
999 790 1034 841 ut

239 864 328 957 Reip.
351 875 475 937 nomine
498 876 630 961 Principi
646 878 754 960 gratias
769 897 897 961 agerem.
935 881 1031 966 Qood

237 1001 293 1063 ego
303 978 336 1043 in
352 980 474 1057 Senatu,
497 1001 567 1043 cum
581 983 620 1044 ad
634 982 778 1046 rationem
794 984 825 1047 δι
839 985 896 1047 1οεί
907 986 1030 1050 &tem-·
1059 1027 1061 1031 ,

235 1083 316 1171 poris
334 1107 371 1149 ex
386 1107 469 1149 more
481 1084 624 1165 fecissem,
645 1089 727 1151 bono
740 1087 797 1151 civi
813 1091 1030 1154 convenientis«

236 1191 344 1256 fimum
364 1188 487 1270 credidij
504 1195 614 1256 'eadem
637 1192 690 1256 illa
704 1192 851 1277 spatiosius
865 1195 896 1260 &
910 1196 1031 1259 uberius

164 1318 167 1325 ·
236 1299 391 1363 volumine
418 1296 569 1383 ampletti
614 1298 764 1375 Primum,
791 1314 826 1363 ut
851 1297 1029 1384 Imperatori

234 1400 334 1468 nostro
355 1397 480 1467 virtutes
501 1404 561 1467 luae
576 1404 655 1467 veris
675 1404 814 1468 laudibus
835 1406 1029 1468 commenda-

235 1524 359 1574 rentur:
382 1511 490 1573 deinde
509 1522 543 1573 ut
563 1506 657 1571 futuri
672 1509 818 1594 principes
838 1532 899 1576 non
909 1511 1029 1595 quasti

234 1616 385 1699 magistro,
406 1614 455 1677 sed
466 1627 566 1677 tamen
581 1613 636 1679 sub
650 1603 787 1700 exemplo
807 1610 1028 1700 praessmoneren·

233 1731 293 1797 tur,'
316 1741 376 1804 qua
403 1718 587 1805 potiffimum
615 1722 666 1783 via
689 1721 804 1806 pollent
832 1725 871 1785 ad
901 1726 1028 1789 eandem

232 1825 359 1908 gloriam
380 1826 446 1891 niti.
491 1825 578 1891 Nam
598 1828 756 1913 praecipere
776 1829 872 1912 qualis
895 1829 952 1892 elle
975 1832 1027 1893 do-¹

232 1932 301 1994 beat
327 1932 474 2019 princeps,
499 1935 659 2017 pulchrum
686 1934 818 2019 quidem,
850 1934 899 1998 sed
920 1957 1028 2000 onero-

229 2035 310 2114 sum,
333 2060 377 2101 ac.
388 2060 478 2123 prope
492 2040 652 2125 superbum
667 2040 728 2104 est:
752 2042 873 2104 laudare
887 2062 959 2104 vero
972 2063 1028 2126 op«

232 2145 342 2208 fimum
365 2145 542 2228 principem,
572 2167 606 2208 ac
628 2165 681 2230 per
705 2148 763 2210 hoc
786 2147 919 2232 posteris,
942 2148 1027 2212 velut

231 2248 249 2314 ὃ
275 2249 402 2335 specula,
433 2251 538 2313 lumen
571 2253 653 2335 quod
684 2251 844 2338 sequantur
864 2252 1027 2328 ostendere,

231 2339 312 2420 ide'm
331 2358 468 2420 utilitatis
494 2358 596 2434 habet,
619 2360 795 2442 artogantiae
816 2357 903 2421 nihil.
948 2356 1027 2441 Cepi

220 2476 414 2529 ,autemnon
429 2465 611 2529 mediomem
626 2465 822 2548 voluptatem,
846 2465 926 2549 quod
941 2454 1027 2528 hunc

230 2572 344 2635 histum
359 2589 430 2632 cum
445 2570 550 2634 amicis
569 2571 692 2634 recitare
705 2568 875 2645 voluissem,
898 2589 959 2634 non
974 2588 1028 2650 pm

231 2677 394 2752 codicillos,
417 2685 481 2739 non‘
498 2696 552 2761 per
571 2677 702 2752 libellos,
723 2675 773 2738 sed
795 2674 1027 2737 ficommodum

230 2781 312 2861 effet,
334 2781 405 2846 &fi
427 2784 514 2845 valde
536 2793 666 2858 vacaret,
688 2780 834 2845 admoniti
857 2780 1025 2864 (nunquam

230 2910 329 2971 porro,
353 2899 406 2950 aut
421 2888 507 2951 valde
521 2908 599 2965 raro,
622 2898 709 2950 vacat
731 2884 851 2961 Romae,
873 2898 927 2947 aut
940 2905 1024 2947 com-

230 2995 356 3057 modum
371 2991 412 3055 est
431 2993 534 3056 audire
553 2987 741 3073 recitantem)
760 2977 931 3055 foedissimis
943 2988 1025 3062 insu-
