2317 3767
203 267 266 339 208
373 289 407 340 c.
435 282 847 340 erruseetsrdsan.

170 459 173 469 ¹
199 438 307 516 praeter
319 430 463 497 Flavium
477 433 624 519 Aprum·
653 433 687 499 la
705 431 996 511 [interdicendum'ei

200 538 445 602 advocationibus
469 540 506 602 in
534 539 774 625 quinquennium
799 537 911 604 censuit
922 546 936 602 ε’
952 539 997 605 ‘dc
1022 611 1025 615 ,

201 643 338 726 quamvis
364 645 518 708 neminem
538 645 722 709 -audioritate
750 642 892 720 nannet,
922 664 997 708 con·
1089 679 1091 684 s

76 834 79 839 ⁶
200 745 309 810 stanter
321 748 354 811 in
364 748 506 813 sententia
517 750 640 813 mansur
654 749 819 834 quinetiam
830 749 996 828 Dextrum,

200 852 252 934 qui
267 852 381 935 primus
395 854 544 919 diversum
561 853 724 931 censuerat,
748 855 862 938 prolata
876 856 940 939 lege
958 859 997 919 de

200 955 311 1022 Senatu
336 960 487 1036 habendo,
512 961 622 1044 jurare·
642 961 740 1044 co‘e‘git
768 958 787 1022 ὲ
816 946 993 1044 Βερ.ἐίΐε,
1032 1021 1038 1028 .

199 1066 282 1147 quod
295 1063 468 1130 censuisset:
492 1067 554 1142 cui,
576 1085 749 1151 quanquam
768 1064 910 1148 legitimae
929 1065 996 1149 pos·

200 1169 351 1248 tulationi,
374 1169 393 1235 ai
417 1169 595 1254 quibusdam
617 1171 812 1234 reclamatum
835 1168 886 1233 est.
930 1167 994 1234 Ex-

201 1276 341 1356 probrare
354 1276 437 1339 enim
458 1275 587 1340 censenti
611 1276 808 1340 ambitionem
826 1276 992 1341 videbatur.
1052 1353 1057 1367 ι

201 1377 260 1441 Sed
273 1379 443 1466 priusquam
458 1380 612 1445 sententiae
634 1381 812 1459 dicerentur,
833 1380 994 1463 Nigrinus,

200 1482 362 1549 Tribunus
390 1487 496 1570 plebis,
531 1487 666 1549 recitavit
689 1487 827 1550 libellum
854 1484 996 1550 disertum

198 1590 232 1654 δι
244 1610 379 1674 gravem,
395 1612 456 1674 quo
466 1591 583 1674 questus
599 1591 645 1653 est
654 1592 765 1655 vaenire
776 1592 994 1667 advocationes,

200 1697 313 1759 vaenire
336 1696 428 1759 etiam
450 1697 724 1780 praevaricationes:
752 1697 784 1759 in
811 1697 878 1759 lites
901 1682 994 1760 coirs:

101 1798 104 1803 ’
199 1802 232 1865 &
252 1801 356 1884 gloriae
377 1802 536 1886 loco-poni
557 1823 595 1864 ex
615 1800 714 1886 spoliis
736 1802 847 1865 civium
869 1810 995 1883 magnos
1088 1806 1094 1815 ’

199 1908 232 1971 bc
250 1906 338 1970 statos
352 1908 474 1970 reditus.
519 1900 669 1971 Recitauit
688 1906 785 1991 capita
806 1908 919 1989 legum,
940 1909 993 1969 adu

200 2012 318 2074 monuit
343 2011 686 2076 senatusconsultorum:
714 2013 746 2074 in
770 2010 830 2074 sin'e
844 2013 993 2096 dixit'pe·

201 2117 327 2180 tendum
354 2117 394 2180 ab
422 2117 537 2200 optimo
561 2116 713 2200 Principe,
748 2130 783 2180 ut
807 2117 878 2201 quia
901 2119 998 2202 leges,

200 2222 272 2306 quia
312 2219 566 2285 senatusconsulta
587 2244 589 2251 ·
610 2235 881 2300 contemnerentur,
936 2221 995 2307 ipse

200 2327 291 2390 mutis
315 2325 397 2389 vitiis
424 2328 604 2391 mederetur.
649 2327 742 2391 Pauci
764 2329 839 2405 dlcs,
866 2328 994 2394 &liber

200 2429 346 2515 Principis
359 2428 487 2508 severus,
508 2433 661 2497 &tamen
669 2435 851 2499 moderatus
882 2434 994 2519 Leges

183 2534 309 2620 ipsum,
328 2534 390 2599 esi
382 2557 414 2598 m
435 2537 562 2621 publicis
575 2536 660 2601 actis.
705 2537 811 2623 Qum
825 2556 874 2603 me
891 2540 998 2625 juvat,

199 2641 312 2728 quod
297 2660 335 2705 m
367 2640 460 2706 caufis
473 2643 607 2726 agendb
641 2664 703 2707 non
727 2647 820 2709 modo
844 2645 999 2728 pactione,

199 2748 292 2824 dono,
307 2767 442 2825 murrere,
463 2768 569 2814 verum
590 2749 682 2812 ctiam
696 2750 792 2813 xeniis
804 2749 920 2835 semper
939 2753 994 2813 ab·
1082 2808 1086 2813 .

198 2851 304 2920 tunsi!
328 2850 457 2938 Oportet
482 2853 616 2938 quidem,
644 2872 713 2938 quae
733 2853 802 2919 furt
827 2855 998 2934 inhonesta,-

198 2978 261 3025 non
287 2956 368 3048 quali
394 2957 509 3037 illicita,
534 2957 585 3023 sed
610 2959 691 3045 quast
714 2963 859 3060 pudepda
876 2963 989 3026 vitare:
