2317 3767
414 293 607 342 nrm
650 292 711 343 vr.
881 270 952 359 '265

163 436 294 523 effingit,
329 458 398 522 quae
422 438 540 502 illatum
575 451 668 503 vento
691 454 789 513 mare,
812 436 955 522 objacent.

162 542 288 626 frangat,
300 555 459 628 tutumque
480 546 518 608 ab
538 556 668 628 utroque
691 544 782 605 latere
795 540 951 605 decurssun

163 650 289 713 navibus
306 649 430 732 praestet.
474 648 607 733 Affurgit
624 660 726 712 autem
738 660 799 710 arte
810 645 948 712 visenda:

162 753 291 836 ingentia
303 753 371 818 saxa
385 754 521 818 latiffima
531 755 617 817 navis
630 754 777 838 provehit.
821 752 954 831 Contra,

137 904 139 906 -
162 859 227 921 haec
238 861 296 922 alia
310 859 395 943 super
407 861 466 922 alia
476 860 590 944 dejetia
600 858 661 943 ipso
674 860 803 943 pondere
811 874 947 937 manent,

161 986 196 1029 ae
216 964 321 1028 sensim
342 968 473 1048 quodam
496 967 578 1027 velut
601 984 706 1048 aggere
730 964 946 1029 construuntur.

162 1068 285 1133 Eminet
293 1071 371 1153 jam,
384 1071 415 1133 ἃ
425 1082 545 1153 apparet
551 1069 672 1132 saxeum
685 1068 816 1147 dorsum,
835 1070 945 1154 impac-

162 1173 263 1259 tosque
286 1174 396 1236 fluetus
415 1175 448 1235 in
477 1171 656 1237 immensum
684 1174 778 1248 elidit,
807 1177 838 1239 δι
858 1177 946 1239 tollit.

162 1279 270 1344 Vastus
282 1280 342 1342 illic
356 1277 466 1361 fragor,
482 1297 650 1363 canumque
663 1279 740 1340 circa
754 1300 847 1342 mare.
864 1279 949 1344 Saxis

159 1388 267 1449 deinde
281 1387 351 1469 pilae
364 1386 554 1469 adjiciuntur,
580 1405 649 1468 quoe
673 1385 847 1466 procedente
873 1397 951 1448 tem·

159 1514 230 1576 pore
258 1506 377 1555 enatam
400 1490 527 1554 insulam
547 1490 709 1552 imitentur.
754 1487 889 1552 Habebit
902 1490 951 1551 hic

159 1611 260 1680 portus
274 1598 365 1659 etiam
383 1608 495 1659 nomen
520 1595 660 1671 tutioris,
676 1594 790 1678 eritque
801 1594 850 1656 vel
863 1606 950 1656 mait-

161 1702 222 1764 ime
235 1701 380 1764 salutaris.
422 1702 509 1766 Nam
528 1723 580 1784 per
603 1698 804 1783 longiffimum
823 1697 950 1783 spatium

93 1834 95 1839 ’
160 1807 233 1871 litus
269 1806 484 1892 importuosum
520 1809 577 1869 hoc
619 1805 802 1888 receptaculo
837 1816 949 1869 utetur.

162 1912 250 1975 Vale.

161 2162 278 2210 xxxtr.
307 2160 342 2208 C.
369 2158 516 2206 PLINIUS
544 2160 798 2223 Qrtrr'rlmnrto
825 2162 893 2211 SUO
918 2166 946 2211 S.

163 2309 379 2439 Qunmvrs
409 2356 440 2419 ἃ
466 2355 527 2440 ipse
554 2355 590 2419 srs
614 2356 888 2433 continentiffimus,
918 2352 950 2422 δε

161 2458 254 2521 filiam
278 2473 361 2523 tuam
386 2461 428 2522 ita
452 2461 621 2538 institueris,
644 2475 678 2525 ut
706 2460 829 2525 decebat
853 2462 949 2525 filiam

159 2576 255 2639 tuam,
274 2562 388 2627 Tutilii
409 2578 544 2649 neptem,
565 2584 636 2629 cum
650 2579 751 2630 tamen
765 2567 800 2633 fit
821 2579 950 2650 nuptura

159 2667 357 2731 honestiffrmo
371 2671 447 2746 viro,
463 2670 571 2734 Nonio
585 2670 698 2747 Celeri,
718 2671 766 2734 cui
785 2666 861 2732 ratio
872 2669 952 2732 civi-⁴

158 2773 239 2835 lium
260 2770 427 2836 officiorum
451 2774 646 2838 neceffitatem
671 2758 822 2860 quandam
845 2770 950 2839 nitoris

158 2877 297 2960 imponit,
324 2879 412 2941 debet
437 2877 600 2943 secundum
622 2879 807 2944 conditiones
835 2876 947 2955 mariti,

158 2981 259 3058 veste,
276 2980 427 3045 comitatu
448 2984 568 3068 (quibus
598 3004 660 3048 non
684 2984 806 3067 quidem
825 2997 953 3068 augetur
