2317 3767
371 297 562 346 uruat
608 298 682 346 mn
903 295 961 366 mr

170 454 250 506 tant.
298 438 394 529 quue
416 447 491 508 adeo
510 442 548 508 lic
574 445 665 507 habe.
707 433 860 506 Nonnesr
880 441 964 506 locu·

167 562 254 611 turus
267 568 299 611 es
309 564 379 612 cum
388 548 489 635 aliquo
499 549 666 635 quamlibet
676 547 766 612 douo
773 566 847 626 uno,
862 562 964 613 tamen

168 654 270 717 minus
288 650 531 733 commoveretis,
554 675 647 740 quarn
670 653 692 716 fi
711 673 782 717 cum
798 651 900 718 multis
913 656 963 718 vel

166 756 318 823 indubiis?
373 752 489 824 Nonne
513 782 584 824 eum
612 756 706 844 surgis
735 762 774 822 ad
799 763 960 843 agendum,

165 878 231 928 tum
243 865 376 928 maxime
385 866 440 928 tibi
455 860 515 950 ipse
528 862 659 930 diffidis?
683 878 751 929 tum
765 878 959 941 commutata,

161 990 224 1034 non
239 971 307 1034 dico
328 970 469 1053 plurima,
494 969 543 1034 sed
562 966 667 1034 omnia
687 967 790 1056 cupis?
814 971 916 1054 utique
938 970 960 1033 fi

164 1072 253 1138 latior
273 1073 370 1151 icem,
391 1077 422 1139 ἃ
450 1094 561 1139 corona
588 1075 732 1139 diffirsror.
780 1068 868 1139 Nam
892 1073 959 1139 illos

164 1201 283 1264 quoque
294 1179 424 1243 sordidos
439 1180 624 1265 pullatosque
642 1201 823 1244 reveremur.
868 1178 960 1245 Non·

164 1306 204 1348 ne
223 1286 244 1348 fi
258 1281 354 1369 prima
367 1307 494 1370 quaeque
508 1285 670 1373 improbari
685 1300 782 1370 putes,
797 1286 959 1349 debilitaris

162 1393 194 1455 δι
204 1392 360 1454 concinis?
404 1390 537 1476 Opinon
554 1389 625 1476 quia
639 1392 671 1454 in
685 1412 813 1454 numero
837 1389 899 1474 ipso
918 1390 960 1453 est

162 1498 314 1579 quoddam
325 1515 470 1580 magnum
484 1499 687 1582 collatumque
700 1495 868 1570 consilium,
890 1496 959 1579 qui·

164 1601 276 1686 busque
298 1599 533 1688 singulisjudicii
551 1623 670 1686 parum,
701 1599 957 1683 omnibus·pluri·

165 1727 262 1769 mum.
308 1709 413 1791 ltaque
425 1707 610 1791 Pomponius
622 1706 787 1782 Secundus,
803 1704 853 1767 hic
867 1704 958 1790 scrip-

165 1823 212 1874 tor
222 1813 446 1895 tragoediarum‚
470 1814 491 1876 fi
504 1814 578 1897 quid
599 1810 676 1875 forte
689 1809 865 1877 familiarior
879 1813 957 1876 ami·

162 1937 215 1980 eus
239 1919 417 1994 tollendum,
449 1916 508 2002 ipse
535 1919 726 1980 retinendum
755 1915 955 1994 arbitraretur,

162 2023 259 2086 dicere
294 2023 417 2100 solebat,
458 2043 510 2087 nn
551 2041 725 2086 roruuunr
758 2039 953 2087 ruovoco:

162 2142 250 2214 atque
288 2129 331 2192 ita
354 2150 393 2192 ex
424 2130 526 2212 populi
557 2128 606 2190 vel
629 2126 753 2202 silentio,
780 2129 830 2189 vel
858 2127 954 2192 affen·

163 2233 208 2312 su,
224 2248 276 2298 aut
289 2235 385 2312 suam,
409 2249 462 2298 aut
478 2234 568 2298 amici
582 2230 756 2296 sententiam
769 2231 952 2316 sequebatur.

163 2337 304 2404 Tantum
313 2341 370 2427 'ille
387 2331 500 2424 populo
527 2341 627 2402 dabat.
672 2338 778 2414 Reme,
802 2359 841 2400 an
860 2337 952 2419 secus,

162 2446 241 2508 nihil
264 2448 302 2508 ad
327 2466 387 2508 me.
432 2444 498 2529 Ego
513 2447 594 2508 enim
609 2465 671 2510 non
695 2445 841 2528 populum
860 2445 953 2506 advo·

162 2573 240 2629 care,
259 2550 308 2614 sed
322 2563 429 2628 certos,
445 2549 610 2633 eleetosque
623 2549 713 2625 soleo,
727 2571 803 2634 quos
823 2550 951 2624 intuear,

160 2658 268 2742 quibus
283 2659 413 2733 credam,
440 2677 515 2740 quos
534 2656 672 2740 durique,
693 2656 724 2720 δι
737 2669 881 2738 tanquam
894 2653 953 2716 sm·

158 2764 247 2844 gulos
272 2761 437 2837 observem,
459 2764 491 2826 br
511 2773 657 2847 tanquam
685 2783 747 2824 non
770 2760 897 2845 singulos
912 2759 951 2822 ti·

158 2887 271 2931 meam.
315 2866 402 2933 Nam
416 2870 497 2952 quod
512 2867 564 2933 M.
584 2867 694 2933 Cioero
706 2869 745 2930 de
755 2866 901 2951 stilo,·ego
914 2867 951 2931 de

156 2985 242 3036 metu
257 2972 361 3039 sentio.
405 2972 520 3038 Timor
535 2973 578 3036 est
592 2974 765 3036 emendator
777 2973 947 3037 acerrimus.

524 3078 589 3143 Ua
