2317 3767
391 291 682 355 aruunrx.
873 287 933 354 395

112 432 114 437 ’
151 433 242 498 Nihil
256 433 297 497 est
311 436 392 499 enirn
413 450 463 501 aut
484 436 595 521 pigrius
610 431 754 509 delicatis,
772 440 824 494 aut
843 428 941 493 curio-

151 539 209 605 stus
222 541 330 606 otiosis.
377 542 464 606 Vale.
594 554 597 557 '

200 760 337 820 xlxrrr.
374 775 407 821 c.
433 773 579 819 rururus
603 770 758 818 crunno
781 769 849 816 suo
867 769 896 813 s.

155 918 288 1030 Incrur
313 967 345 1030 in
366 967 521 1029 materiam
544 986 660 1040 veram,
682 962 730 1027 sed
758 963 940 1027 timillimam

151 1070 241 1145 fidiae,
265 1072 444 1154 dignamque
458 1071 512 1134 isto
525 1070 684 1145 laetissimo,
706 1068 856 1144 altiffmo,
876 1069 941 1152 pla-

152 1195 250 1259 neque
267 1176 384 1259 poetico
398 1177 528 1259 ingenio.
574 1175 672 1246 Incidi
687 1190 788 1238 autem
805 1177 880 1237 dum
893 1173 941 1238 su-

151 1301 204 1363 per
217 1302 338 1345 coenam
354 1283 437 1344 varia
447 1282 591 1345 miracula
600 1281 671 1344 hine
682 1280 750 1343 inde
762 1276 938 1345 referuntur.

151 1386 271 1470 Magna
285 1388 413 1450 rudioris
427 1387 512 1463 fides,
536 1384 653 1449 tametsr
667 1385 740 1469 quid
760 1388 858 1468 p'oiitae
871 1405 942 1448 cum

153 1491 232 1554 fidei
255 1494 281 1554 is
293 1506 396 1559 tamen
416 1494 531 1569 audior,
557 1493 605 1555 cui
620 1494 697 1555 bene
718 1491 768 1553 vel
790 1489 941 1554 historiam

149 1596 309 1680 scripturus
334 1597 511 1662 erediditles.
564 1597 615 1661 Est
638 1598 669 1661 in
691 1594 797 1660 Africa
821 1593 942 1679 Hippo·

152 1703 248 1766 nensrs
263 1702 405 1779 Colonia,
425 1705 501 1766 mari
515 1705 663 1787 proxima,
686 1702 801 1787 adjacet
812 1703 841 1765 ei
857 1701 942 1764 navi-

152 1809 250 1891 gabile
277 1808 425 1891 stagnum,
456 1830 494 1871 ex
519 1830 578 1892 quo
603 1811 634 1871 in
661 1812 787 1873 modurn
809 1807 942 1871 fluminls

149 1913 321 1979 *aestuarium
349 1917 484 1998 emergit,
519 1917 600 1997 quod
628 1915 692 1978 vice
718 1915 831 1977 alterna
855 1925 942 1996 prout

150 2019 237 2083 aestus
257 2032 309 2081 aut
330 2020 468 2103 repreffit,
495 2032 547 2083 aut
564 2021 696 2104 impulit,
716 2040 796 2083 nunc
815 2016 942 2084 infertur
1034 2028 1037 2033 '

151 2126 239 2201 mari,
263 2146 348 2188 nune
365 2127 496 2188 redditur
509 2124 620 2210 stagno.
665 2124 779 2190 Omnis
798 2125 850 2189 hic
870 2137 941 2189 aetae

150 2229 290 2312 piscandi,
307 2232 476 2315 navigandi,
498 2245 588 2316 atque
602 2232 692 2295 etiam
706 2233 828 2298 natandi
847 2231 942 2296 studio

151 2347 285 2400 tenetur:
309 2340 440 2401 maxime
452 2359 624 2422 puerorum,
640 2359 714 2422 quos
728 2338 825 2405 otium
840 2338 942 2401 ludus·

151 2460 209 2522 que
229 2439 385 2509 solicitant.
430 2444 490 2511 His
511 2443 605 2526 gloria
626 2444 657 2507 dc
678 2444 784 2519 virtus,
806 2442 942 2507 altissime

150 2546 295 2626 provehi:
323 2547 419 2610 vidior
431 2549 493 2623 ille,
511 2551 563 2633 qui
577 2548 742 2631 longiffime
756 2562 789 2612 ut
802 2549 884 2625 litus,
900 2549 941 2612 ita

151 2648 238 2714 fimul
249 2663 352 2713 nantes
366 2653 494 2736 reliquit.
531 2653 603 2718 Hoc
616 2654 777 2717 certamine
787 2675 860 2737 puer
873 2655 940 2737 qui-

151 2759 223 2820 dam
244 2759 399 2820 audentior
427 2759 540 2821 caeteris
565 2761 597 2822 in
622 2760 762 2822 ulteriora
789 2748 940 2835 tendebat,

54 2940 59 2945 ‘
152 2864 324 2948 Delphinus
339 2865 478 2942 occurrit,
494 2866 525 2928 ἃ
536 2886 618 2930 nunc
629 2867 792 2948 praecedere
802 2887 939 2950 puerum,

150 2991 230 3033 nunc
263 2968 355 3054 sequi,
382 2991 462 3032 nunc
491 2970 626 3049 circuire,
658 2969 804 3055 postremo
832 2970 939 3050 subire,
