2317 3767
496 4 541 7 ⁷5*
628 4 633 5 ⁷
652 4 674 5 ψ
689 4 757 7 777*
848 2 985 11 ,-.-,,
1076 6 1125 9 ῙἾΫ

390 300 668 350 ιιηιν.
878 283 936 353 181

140 452 295 543 (inquam)
319 467 350 519 te
378 476 417 519 ex
447 467 530 540 parte
568 468 674 539 quarta
700 453 849 541 scripfiffet
873 456 939 522 hae-
1064 467 1066 470 ’

6 559 10 568 ’
139 562 257 638 rudem,
288 581 365 625 num
396 561 480 646 queri
504 559 619 645 pofl'es?
664 559 750 648 Quid
782 561 804 625 fi
840 564 938 627 haere·

141 673 214 733 dem
235 667 357 753 quidem
378 664 543 729 instituisset
556 686 594 729 ex
614 666 684 744 asie,
711 665 760 730 sed
780 668 885 757 legatis
898 668 939 731 ita

142 771 327 849 exhausisset,
354 783 474 835 utnon
510 771 640 856 amplius
666 774 745 856 apud
769 787 810 851 te,
846 793 939 858 quam

144 889 250 963 quarta
262 877 450 940 remaneret?
481 874 581 960 Igitur
599 874 731 941 sufficere
759 878 814 942 tibi
836 880 937 958 debet,

143 985 165 1047 fi
193 984 399 1047 exhaeredatus
425 982 444 1047 Ξ
465 993 573 1059 matre,
602 994 740 1067 quartam
756 983 872 1068 purtem
900 980 939 1047 ab

142 1090 313 1153 haeredibus
327 1087 391 1173 ejus
413 1086 552 1171 accipias,
573 1105 667 1171 quam
681 1100 784 1152 tamen
805 1109 862 1174 ego
880 1111 935 1154 au·

142 1198 232 1279 gebo.
277 1192 339 1257 Scis
353 1205 383 1256 te
397 1213 459 1256 nun
472 1191 662 1277 subscripfifl'e
675 1214 809 1271 mecum,
830 1195 938 1280 &jam

143 1299 303 1365 biennium
326 1297 466 1375 miste,
491 1297 653 1382 omniaque
686 1318 737 1361 me
766 1297 934 1383 usucepifl'e.

143 1406 202 1471 Sed
219 1418 254 1468 ut
269 1418 302 1469 te
323 1405 492 1468 cohaeredes
517 1404 577 1466 mei
591 1403 822 1468 tractabiliorem
847 1426 937 1489 expe·

142 1514 269 1587 riantur,
295 1522 390 1595 utque
419 1509 477 1573 tibi
496 1509 575 1572 nihil
595 1508 747 1574 abstulerit
774 1512 938 1575 reverentia

143 1618 216 1694 mei,
238 1613 333 1679 offero
356 1636 412 1699 pro
425 1635 493 1678 mea
516 1626 601 1699 parte
625 1617 813 1679 tantundem.
858 1614 938 1681 Tuli

142 1721 279 1786 fruamn
293 1742 354 1785 non
374 1719 561 1785 conscientiae
585 1722 689 1798 modo,
708 1725 815 1785 verum
844 1721 936 1786 etiam

140 1826 245 1892 famoe.
291 1825 349 1896 Ille
369 1847 440 1920 ergo
453 1823 607 1890 Curianus
620 1826 754 1909 legatum
768 1828 845 1890 mihi
866 1829 936 1893 reli·

142 1936 227 2021 quit:
252 1934 284 1998 &
314 1930 429 1997 fastum
457 1952 562 1996 meum
595 1930 661 2020 (nisi
700 1927 777 1995 forte
801 1933 938 1998 blandior

36 2042 40 2050 '
142 2038 232 2120 mihi)
255 2039 447 2123 antiquorum
460 2036 586 2101 notabili
601 2056 684 2099 more
697 2035 829 2120 fignavit.
857 2037 937 2104 Haec

143 2149 199 2210 tibi
210 2145 318 2230 scripsi,
333 2145 455 2228 quiade
470 2144 613 2207 omnibus
625 2163 694 2227 quae
708 2162 758 2206 me
774 2144 824 2207 vel
837 2145 935 2209 deloc-

144 2266 211 2317 tant
233 2251 283 2315 vel
307 2261 431 2333 angunt,
452 2268 513 2312 non
535 2248 622 2311 aliter
634 2259 734 2312 tecum
762 2269 854 2333 quam
869 2269 936 2314 inem

143 2378 216 2422 cum
234 2357 316 2441 loqui
337 2355 416 2419 soleo
432 2379 440 2417 ε
455 2356 588 2432 deiude,
608 2356 689 2438 quod
707 2357 817 2419 durum
836 2357 935 2423 existi·

133 2466 280 2540 mabam,
301 2476 330 2525 te
342 2458 575 2524 amantissimum
598 2459 659 2521 mei
673 2455 810 2524 fraudare
827 2464 935 2548 volup-

144 2581 216 2649 tate,
239 2589 332 2654 quam
357 2565 416 2653 ipse
440 2566 604 2651 capiebam.
648 2564 760 2651 Nequi
774 2567 935 2632 enimiurn

142 2690 207 2739 tam
220 2674 346 2759 sapiens,
361 2685 396 2739 ut
414 2672 491 2736 nihil
503 2690 572 2736 mea
586 2669 709 2748 intesfit,
722 2692 767 2740 un
791 2671 841 2748 iis,
866 2692 936 2756 quae

142 2779 263 2844 honeste
286 2776 385 2843 fecifl'e
405 2799 455 2848 me
471 2779 571 2856 mdo,
596 2775 760 2841 testificatio
782 2777 933 2861 quaedtm,

143 2885 268 2973 &quasi
281 2883 441 2971 praemium
454 2884 585 2947 accedat.
631 2879 719 2948 Vale.
