2317 3767
340 272 612 320 ataanx.
845 248 944 336 415'

124 414 217 480 Volui
236 416 317 479 enim
338 416 416 507 hanc
430 436 559 500 quoque,
581 414 745 477 fiinveniri
758 412 907 497 potuisset,
941 492 943 497 ι

120 517 205 585 limul
219 521 350 584 mittere:
375 521 445 585 ficut
459 522 610 604 glebulam
624 519 701 597 mifi,
723 539 815 602 quam
829 517 857 582 se
870 537 909 580 ex

121 625 258 689 Parthico
272 629 394 690 metallo
407 625 533 689 attuliffe
556 627 683 688 dicebat.
729 623 850 706 Signata
868 622 908 685 est

120 732 231 794 annulo
245 752 325 809 meo,
340 732 426 816 eujus
440 731 480 793 est
494 728 730 816 aposphragisma
743 729 896 813 quadriga.

223 960 322 1006 xv11.
359 961 392 1005 C·
412 958 559 1005 PLINIUS
585 960 643 1003 ΤΚ.
670 958 749 1003 ΙΜΡ.
772 958 801 1003 S.
860 957 862 960 ’

123 1107 348 1218 Maximum
369 1151 509 1214 libertum
523 1152 787 1235 &procuratorem
807 1161 907 1227 tuum,

121 1257 268 1332 Domine,
291 1276 343 1338 per
368 1276 459 1318 omne
480 1270 610 1339 tempus,
634 1274 694 1337 quo
707 1250 822 1316 fuimus
835 1274 907 1330 una,

125 1362 253 1445 probum
271 1362 302 1424 ὃ(
315 1359 502 1436 industrium,
524 1361 555 1424 δι
569 1359 753 1441 diligentem,
776 1378 811 1421 ac
835 1358 908 1421 sicut

70 1494 76 1509 ·
119 1465 163 1527 rei
176 1478 236 1527 tuae
250 1465 493 1541 amantissimum,
516 1465 558 1527 ita
580 1461 742 1547 disciplinae
764 1462 907 1526 tenaeiffi·

120 1589 205 1631 mum
215 1581 363 1652 expertus,
378 1570 505 1633 libenter
518 1570 598 1652 apud
612 1580 642 1630 te
656 1566 824 1631 testimonio
837 1589 910 1651 pro-

122 1671 226 1758 sequor
240 1695 275 1737 ea
288 1673 347 1736 fide
360 1695 452 1756 quam
466 1675 522 1737 tibi
535 1675 641 1737 debeo.

220 1900 336 1948 xv111.
370 1901 404 1946 c.
428 1901 573 1946 nemius
598 1884 662 1945 nn.¹
682 1902 762 1946 IMP.
785 1902 813 1946 s.
884 1874 906 1913 2

122 2042 302 2158 Gnnun
328 2088 461 2170 Bassum,
485 2091 632 2169 Domine,
653 2090 828 2177 praefeelum
846 2115 907 2158 orae

53 2212 56 2216 ⁴
119 2196 262 2273 Ponticae,
285 2197 446 2280 integrum,
462 2198 602 2281 probum,
618 2199 804 2278 industrium,
819 2215 908 2286 atque

120 2303 197 2364 inter
221 2301 274 2364 ista
295 2301 558 2366 reverentissimum
581 2304 642 2366 mei
664 2319 814 2388 expertus,
835 2318 909 2369 voto

118 2406 227 2488 pariter
250 2407 281 2470 δι
302 2406 441 2491 suffiagio
453 2407 612 2493 prosequor
624 2429 661 2471 ea
674 2409 733 2472 fide
746 2430 839 2495 quam
852 2410 908 2475 tibi

119 2509 232 2573 debeoe
249 2532 339 2595 quem
354 2514 471 2576 abunde
484 2512 620 2597 conspexi
634 2514 809 2577 minuetum
823 2534 908 2579 com-

119 2614 230 2678 militio
243 2628 308 2691 tuo,
329 2616 415 2700 cujus
428 2615 587 2701 disciplinae
601 2620 700 2696 debet,
714 2620 797 2703 quod
809 2618 909 2691 indn-

118 2719 220 2802 gentia
229 2731 282 2783 tua
295 2720 402 2802 dignus
415 2720 466 2784 est.
482 2720 574 2805 Apud
585 2724 675 2787 me&
688 2722 798 2787 milites
811 2725 843 2788 &
856 2745 910 2809 pa·

119 2825 202 2907 gani,
223 2825 253 2889 &
272 2827 290 2889 Ξ
304 2825 413 2909 quibus
423 2824 534 2908 justitia
547 2826 611 2910 ejus
624 2828 655 2891 δι
665 2827 838 2890 humanitas
856 2849 909 2911 pe-

120 2929 201 2994 nitus
226 2928 355 3015 inspeeia
379 2928 431 3005 est,
461 2932 598 3003 certatim
621 2932 648 2995 ei
673 2952 733 3015 qua
755 2933 908 3017 privatim,
950 2992 952 2998 ,
