2317 3767
310 292 317 303 .
414 262 604 308 arnna
651 261 739 307 1x.²
887 258 950 327 403

161 421 246 465 mam
271 415 440 480 extruxere,
463 404 604 466 addidero
627 402 776 486 porticus:
799 401 884 464 illam
909 403 947 466 ad

74 494 78 500 ¹
112 537 115 542 ·
164 507 251 572 usum
278 507 367 584 Deae,
389 511 444 571 has
468 510 506 570 ad
531 508 703 573 hominum.
749 506 852 570 Velim
877 528 947 590 ergo

161 634 245 681 emas
267 627 392 696 quatuor
406 634 589 676 marmoreas
599 615 766 689 columnas,
788 612 874 696 cujus
889 614 943 675 tibi

82 716 85 719 ‘
160 718 309 782 videbitur
321 718 454 802 generis:
478 740 561 781 emas
583 740 744 796 marmora,
768 718 944 802 quibust>

158 825 236 900 lum,
259 825 366 906 quibus
389 824 514 907 parietes
538 825 720 886 excolantur.
765 822 832 886 Erit
855 822 945 885 etiam

160 929 210 991 vel
231 925 415 1004 faciendum,
437 929 486 990 vel
511 931 674 992 emendum
694 927 781 1010 ipsius
797 927 875 993 Deae
885 928 944 1011 fig·

159 1052 247 1107 num,
269 1032 339 1115 quia
364 1034 521 1116 antiquum
544 1032 619 1096 illud
642 1032 756 1115 eligno
769 1034 945 1117 quibusdam
1032 1094 1034 1098 ,

160 1133 204 1196 sui
217 1137 350 1219 partibus
363 1136 504 1199 vetustate
516 1148 687 1199 truncatum
699 1138 749 1200 est.
784 1139 945 1222 Quantum

159 1243 196 1304 ad
212 1242 340 1324 porticus
355 1243 433 1304 nihil
445 1242 564 1318 interim
576 1242 713 1318 occurrit,
723 1244 946 1326 quodvideatur

160 1346 242 1408 istinc
257 1347 312 1409 effe
326 1350 537 1430 repetendumt
561 1347 615 1410 nist
630 1359 749 1424 tamen,
766 1359 799 1408 ut
814 1345 944 1410 formam

160 1450 322 1515 secundum
345 1453 490 1514 rationem
515 1452 572 1514 loci
595 1450 721 1514 scribasz
744 1440 943 1534 nequeenim

159 1556 276 1638 poffunt
290 1557 467 1619 circumdari
487 1558 611 1640 templo.
654 1556 742 1619 Nam
756 1555 852 1618 solum
867 1569 943 1619 tem·

153 1656 199 1743 'pli
216 1662 286 1723 hinc
300 1661 465 1725 flumine&
481 1661 689 1745 abruptiffimis
702 1661 785 1744 ripis3
812 1661 882 1724 hinc
896 1648 945 1725 uia

157 1766 295 1848 cingitur.
331 1766 382 1828 Est
396 1769 473 1828 ultra
486 1768 567 1829 viam
583 1766 753 1829 latissimum
764 1780 894 1849 pratum,
912 1769 944 1830 in

156 1892 217 1954 quo
227 1869 293 1933 satis
305 1882 481 1954 aptecontra
490 1872 637 1953 templum
648 1870 742 1953 ipsum
753 1871 882 1953 porticus
890 1893 942 1935 ex-

155 1975 355 2058 plicabuntur,
378 1974 431 2036 nifi
444 1974 516 2059 quid
530 1989 564 2038 tu
583 1976 690 2037 melius
709 1977 869 2052 inveneris,
892 1981 942 2064 qui

157 2079 230 2143 [oles
244 2081 379 2143 locorum
394 2078 580 2143 difficultates
595 2094 657 2143 arte
670 2080 812 2165 superare.
838 2081 925 2148 Vale.

256 2309 313 2354 XL.
349 2310 382 2354 C.
412 2310 555 2356 PLINIUS
583 2308 695 2356 Fusco
721 2309 786 2353 SUO
815 2312 842 2354 S.

163 2451 326 2564 scurrus
351 2514 500 2585 pergratas
524 2501 579 2565 tibi
605 2498 691 2564 fuiffe
717 2502 817 2564 literas
842 2522 938 2576 meas,

156 2603 265 2687 quibus
289 2605 460 2687 cognovisti,
483 2608 739 2689 quemadmodum
761 2606 794 2668 in
808 2604 939 2669 Thuscis

155 2708 253 2771 otium
275 2708 380 2772 aestatis
395 2712 543 2793 exegerim
553 2712 567 2773 ι’
584 2711 721 2794 requiris,
742 2711 867 2793 quidex
883 2711 942 2773 hoc

154 2813 187 2877 in
203 2813 388 2879 Laurentino
407 2815 515 2899 hyeme
536 2828 717 2898 permutem.
762 2813 865 2890 Nihil,
887 2814 940 2883 nisa

154 2921 236 3004 quod
251 2919 432 2983 meridianus
446 2917 566 2984 somnus
576 2920 728 2996 eximitur,
750 2920 940 3003 multumque

553 3025 586 3088 D
609 3026 628 3086 d
650 3043 669 3089 2
934 3027 953 3067 ἱ
