2317 3767
233 237 296 302 412
395 239 428 287 c.
455 216 573 289 omn.
602 241 864 288 rrrsrornr.

232 381 309 444 mihi
323 381 426 445 videor
437 381 506 447 satis
516 385 603 468 plene
613 381 723 460 fecille,
734 385 825 447 etiam
835 395 924 467 atque
934 385 1030 449 eriam

231 482 323 551 lacior
340 499 427 570 teque
442 489 577 553 Domine
591 510 674 571 rogo,
686 491 813 572 gaudere
824 509 875 551 me
883 501 1031 551 exornata

232 590 382 673 quaestoris
405 592 464 655 mei
485 593 639 676 dignitate,
660 595 691 655 id
710 593 751 656 est
767 615 820 678 per
841 595 930 656 illum
944 574 1029 670 mea,

200 711 203 715 ’
232 700 323 778 quani
339 696 529 760 maluriffime
539 699 625 760 velis.

356 904 421 947 ΧΗ.
459 904 491 948 C.
518 905 664 950 Parmos
687 906 746 950 ΤΒ.
771 904 851 951 lMP.
873 903 902 948 S.

235 1046 461 1158 Drrmcrre
487 1095 528 1158 est
555 1095 691 1159 Domine
719 1096 884 1180 exprimere
911 1095 1024 1171 verbis,

232 1211 375 1282 quantam
389 1202 568 1285 perceperim
582 1201 730 1275 laetitiam,
752 1201 832 1284 quod
847 1201 878 1263 ὃ(
896 1200 973 1262 mihi
992 1201 1024 1264 ἃ
1045 1280 1047 1284 Ι

234 1301 327 1366 socrui
346 1325 422 1366 meae
436 1306 599 1389 praestitisti,
623 1317 656 1368 ut
679 1308 717 1367 ad
742 1305 834 1367 finem
854 1305 1024 1368 consulatus
1046 1355 1071 1394 ·‚

235 1407 373 1474 Coelium
388 1409 578 1474 Clementem
594 1406 626 1472 in
636 1412 714 1473 hanc
727 1410 911 1492 provinciam
925 1408 1024 1474 traos'·

232 1511 335 1577 ferres.
380 1514 428 1578 Ex
450 1516 503 1578 illo
528 1515 609 1577 enim
635 1513 804 1579 mensuram
827 1514 963 1577 beneficii
978 1515 1025 1579 tui

232 1619 349 1701 penitus
361 1620 505 1703 intelligo,
516 1640 587 1683 cum
597 1633 661 1685 tam
671 1621 791 1704 plenam
805 1619 1023 1702 indulgentiam

187 1730 189 1737 ’
234 1743 304 1784 cum
326 1734 391 1786 tota
407 1725 499 1786 domo
518 1745 586 1787 mea
599 1725 742 1808 experiar,
761 1724 809 1787 cui
824 1720 933 1787 referre
953 1743 1023 1806 gea·
1054 1794 1057 1800 ¹

234 1826 308 1889 tiam
322 1849 424 1910 parem
438 1850 493 1893 nec
504 1831 599 1892 audeo
612 1830 746 1913 quidem,
770 1828 908 1911 quamvis
924 1829 1023 1890 maxi·

234 1953 283 1994 me
304 1937 448 1998 debeam:
471 1938 571 2020 itaque
585 1937 623 1997 ad
637 1947 707 1997 vota
720 1922 872 2015 confugio,
896 1932 1023 2016 deosque

235 2058 347 2119 precor,
369 2041 451 2103 utils
473 2063 541 2124 quae
557 2039 589 2103 in
610 2060 660 2103 me
681 2037 789 2101 affidue
810 2034 939 2114 confers,
959 2058 1021 2104 non

234 2141 373 2225 indignus
388 2145 545 2208 existimer.
1008 2128 1016 2161 ³

351 2375 436 2421 xnr.
470 2373 504 2421 c.
524 2374 672 2421 mimos
697 2361 757 2419 τῇ.
784 2372 863 2418 mr.
885 2373 914 2419 s.
1024 2422 1027 2431 ¹

240 2516 422 2631 Sc'nrrslr
439 2567 526 2642 mihi,
548 2566 694 2640 Domine,
718 2562 883 2648 Lycormas
895 2564 1021 2631 libertus

233 2684 314 2747 tuus,
336 2684 368 2735 ut
381 2670 402 2733 fi
416 2693 475 2755 qua
493 2671 602 2755 legatio
620 2672 639 2733 i
660 2669 811 2752 Bosphoro
829 2668 952 2732 venillet
970 2691 1022 2735 ut-

233 2777 311 2839 bem‘
325 2777 463 2859 petitura,
486 2775 621 2859 usquein
635 2776 798 2836 adventum
811 2772 898 2841 suum
912 2774 1021 2843 retine·

235 2895 326 2955 retur.
347 2881 388 2945 Et
400 2882 510 2966 legatio
523 2880 644 2964 quidem
657 2880 800 2945 drurtaxat
810 2878 846 2953 in
861 2899 930 2953 earn
940 2879 1027 2955 οἰνάς·
