2317 3767
240 253 303 327 450
402 257 435 304 c.
462 259 577 305 reru.
607 259 867 305 rrts'rounn.

242 522 421 574 EPISTULA
437 524 602 578 EIUSDEM
615 527 667 571 An
685 525 854 570 TULLIUM
870 525 1034 576 IUSTUM.

243 670 354 788 Cum
371 739 467 780 rerum
486 716 606 782 omnium
632 717 783 794 ordinatio,
813 740 876 801 qua
884 716 1036 803 prioribus

237 823 405 910 temporibus
424 821 561 887 inchoate
575 821 819 913 ronfummataeque
831 822 917 907 sunt,
937 822 1034 907 obser·
1136 820 1142 831 ”

237 932 335 993 nanda
349 927 412 1015 fit,
426 943 485 993 tum
499 928 616 1015 epistolis
629 928 714 992 etiam
728 928 893 993 Domitiani
894 930 1035 1014 standum

238 1035 286 1120 est.

333 1264 452 1310 valt.
482 1265 514 1311 C·
544 1264 690 1321 t’ttutus
718 1266 775 1309 TR.
801 1267 879 1310 tMt’.
904 1267 933 1309 S.

240 1414 416 1528 Ftnvws
433 1456 604 1542 Archippus
629 1479 681 1541 per
696 1456 820 1521 salutem
845 1471 929 1521 tuam
943 1472 1033 1521 aeter·

238 1568 423 1649 nitatemque
436 1564 521 1647 petiit
542 1562 560 1626 i
574 1585 637 1640 me,
655 1578 689 1627 ut
702 1565 839 1626 libellum
852 1584 944 1648 quem
955 1564 1034 1626 mihi

237 1672 330 1746 dedit,
358 1670 508 1732 mitterem
529 1669 596 1731 tibi.
638 1669 733 1753 Quod
766 1691 821 1753 ego
843 1669 882 1732 fic
914 1670 1033 1753 roganti

238 1775 436 1861 praestandum
450 1776 564 1857 putavi,
577 1776 619 1837 ita
629 1787 742 1853 tamen,
756 1790 789 1840 ut
800 1775 957 1839 missurum
968 1798 1032 1853 me,

238 1896 345 1945 notum
360 1879 527 1947 accusatrici
544 1881 609 1966 ejus
631 1878 780 1945 facerem:
806 1885 897 1966 iqua
920 1882 951 1946 δι
970 1882 1034 1966 ipsa

237 2000 391 2071 acceptum
406 1987 543 2050 libellum
561 1987 609 2050 his
623 1987 750 2070 epistolis
762 1988 865 2072 junxi,
880 2008 941 2072 quo
955 1984 1032 2051 faci·

239 2093 298 2155 lius
314 2093 397 2154 velut
414 2094 516 2155 audita
527 2105 651 2177 utraque
666 2107 749 2178 parte
770 2093 939 2179 dispiceres,·
959 2095 1033 2178 quid

236 2196 423 2261 statuendum
438 2210 566 2281 putares.

345 2429 494 2476 vam.
525 2430 715 2483 TRAIANUS
741 2430 923 2477 PLINIUS.

239 2579 403 2692 Porum·
433 2623 556 2708 quidem
587 2624 731 2708 ignoraiie
760 2624 968 2703 Domitianus,
996 2627 1028 2690 in

236 2752 298 2817 quo
315 2728 390 2794 statu
414 2728 484 2792 effet
497 2727 680 2814 Archippus,
696 2751 767 2794 cum
791 2744 854 2794 tarn
876 2734 973 2795 multa
991 2733 1029 2794 ad

235 2839 381 2908 honorem
396 2837 459 2920 ejus
474 2835 650 2919 pertinentia
661 2832 808 2915 scriberet,
821 2835 870 2900 sed
884 2858 960 2901 meae
973 2859 1029 2900 na·

234 2957 310 3009 turae
331 2942 584 3007 accommodatius
607 2941 659 3020 est,
684 2944 803 3007 credere
830 2944 923 3008 etiarn
942 2942 1026 3007 statui
