2317 3767
217 254 280 315 402
379 250 413 302 c.
438 255 552 300 nuru.
579 256 839 303 errsrornr.

219 397 310 458 tanda
323 394 400 461 lunt.
441 396 535 460 Vides
546 416 640 483 quam
652 419 712 461 non
722 398 847 461 delicata
858 419 907 462 me
922 395 1009 461 causa

219 503 302 565 obire
327 502 460 586 primurn
483 501 667 567 Consulatus
683 503 728 566 tui
745 503 825 568 diem
840 524 901 566 non
915 501 1007 564 ἥπατι

221 629 312 691 quem
337 620 440 670 tamen
465 608 518 671 hic
543 629 662 692 quoque
688 622 722 670 ut
749 606 888 691 praesens,
918 608 1008 682 votis,

219 713 339 795 gaudio,
361 714 557 796 gratulatione
571 715 739 777 celebrabo.
785 711 872 775 Vale.

236 941 396 987 xxxvnl.
432 942 466 989 C.
484 942 635 990 PLINIUS
653 940 867 988 SATURNINO
885 942 949 986 SUO
962 942 993 985 8.

224 1089 324 1199 Eoo
350 1157 422 1200 vero
443 1132 562 1198 Rufum
584 1135 716 1199 nostrum
729 1137 835 1198 laudo:
858 1155 920 1197 non
939 1132 1011 1217 quia

220 1252 266 1316 tu,
278 1241 361 1304 utita
369 1238 509 1315 facerem,
518 1239 624 1331 petisti,
636 1239 685 1303 sed
696 1240 824 1324 quiaille
832 1238 1011 1321 estdigniffi·

225 1365 307 1409 mus.
358 1342 435 1429 Legi
462 1342 544 1407 enim
569 1346 681 1408 librum
708 1344 850 1408 omnibus
878 1344 1012 1407 numeris

222 1450 403 1527 absolutum,
425 1450 474 1513 cui
500 1450 633 1537 inultum
654 1451 732 1533 apud
747 1470 797 1513 me
810 1449 913 1532 gratiae
926 1468 1013 1511 amor

222 1555 310 1639 ipsius
334 1554 453 1639 adjecit.
498 1555 638 1637 Judicavi
661 1568 782 1618 tamen:
811 1552 1014 1638 nequeenim

223 1659 275 1724 loli
286 1660 435 1744 judicant,
457 1660 509 1743 qui
523 1661 654 1742 maligne
669 1660 782 1742 legunt.
827 1658 916 1721 Vale.

297 1890 406 1935 XXXIX·
443 1888 476 1935 C.
495 1890 645 1935 PLINIUS
665 1890 804 1936 MUSTlO
822 1890 888 1936 SUO
906 1891 934 1935 S.

225 2029 470 2146 Anusneun
488 2082 606 2145 monitu
619 2080 775 2145 reficienda
789 2080 830 2143 est
844 2080 919 2143 mihi
933 2082 1013 2144 aedes

226 2185 346 2250 Cereris
381 2188 413 2250 in
442 2187 560 2269 praediis
596 2188 629 2250 in
658 2187 765 2249 melius
788 2187 872 2250 &in
900 2187 1011 2269 majus.

227 2291 324 2356 Vetus
338 2290 405 2354 sane
418 2292 449 2354 ἃ
463 2290 595 2374 angusta,
617 2312 688 2355 curn
702 2291 737 2353 fit
752 2291 863 2374 alioqui
877 2290 949 2354 stato
962 2291 1012 2352 die

225 2394 467 2482 frequentissirna.
526 2395 614 2461 Nam
649 2395 755 2459 Idibus
790 2394 1013 2480 Septembribus

225 2500 384 2586 magnus'e
400 2501 520 2586 regione
534 2512 598 2563 tota
611 2501 671 2564 coit
685 2492 826 2586 populus,
848 2501 954 2564 multae
967 2520 1015 2562 res

225 2620 364 2692 aguntur,
386 2607 483 2670 multa
508 2618 579 2670 vota
600 2604 806 2691 suscipiuntur,
829 2607 1014 2669 multared-

225 2714 351 2776 duntur:
374 2711 423 2776 sed
437 2713 557 2776 nullum
571 2711 604 2776 in
617 2710 755 2796 proximo
764 2708 938 2794 suffugium,
961 2722 1014 2773 aut

225 2819 331 2881 imbris
355 2830 408 2883 aut
421 2817 500 2882 solis.
546 2816 661 2880 Videor
673 2837 744 2899 ergo
758 2814 899 2880 munifice
913 2814 1013 2891 stmul,

225 2923 416 3011 religioseque
437 2920 581 3000 fanums,
608 2921 710 2986 sraedl
732 2941 823 3005 quarn
845 2918 1011 3004 pulcherri-
