2317 3767
387 277 684 329 errrrrv.
898 279 959 350 173

161 420 303 484 remediis
314 416 447 487 fortiora.
491 422 576 491 ἀλλὰ
591 421 696 492 ταῦτα
709 420 770 489 ‘reio
785 417 957 508 ὖπὲρῆμὶς,

160 523 245 609 ἄλλῳ
275 527 408 612 uenire.
467 527 531 593 Cui
558 529 691 592 multum
715 527 848 612 quotidie
878 529 956 613 vigi-

161 634 284 711 uarum,
315 636 448 697 multum
480 635 593 697 laboris
625 633 726 717 adjicit
761 632 827 694 haec
860 632 960 698 nostra

161 739 251 817 iners,
260 737 309 802 sed
320 750 422 802 tamen
433 737 590 802 effraenata
603 737 776 823 petulantia.
822 735 910 803 Vale.

230 967 336 1012 xxvi.
369 968 402 1013 C.
429 968 576 1013 PLINIUS
600 966 735 1013 NEPOTI
759 967 827 1014 SUO
851 967 881 1012 8.

161 1113 206 1225 Ρ
208 1177 303 1232 em,
332 1172 365 1222 ut
392 1160 509 1222 libellos
530 1180 627 1235 meos,
659 1180 733 1244 quos
754 1155 953 1224 studiosissime

157 1262 343 1347 comparasti,
356 1263 616 1347 recognoscendos,
631 1262 888 1349 emendandosque
897 1285 952 1329 cu-

157 1390 240 1433 rem:
266 1364 386 1432 faciam.
431 1368 516 1452 Quid
539 1371 621 1432 enim
649 1366 789 1451 suscipere
810 1369 950 1432 libentius

159 1476 265 1550 debeo,
280 1486 310 1536 te
323 1472 485 1557 praesertim
499 1474 654 1557 exigente?
698 1471 787 1536 Nam
808 1492 878 1536 cum
904 1474 951 1537 vir

157 1576 354 1660 gravissimus,
390 1578 586 1655 doctissimus,
621 1576 832 1655 disertiffimue,
866 1576 950 1662 super

156 1683 224 1744 haec
237 1681 484 1765 occupatissimus,
498 1685 641 1747 maximae
654 1684 815 1768 provinciae
838 1682 949 1768 praesu-

158 1800 257 1862 turus,
278 1788 352 1849 tanti
372 1800 459 1871 putes
472 1786 576 1872 scripta
589 1787 686 1852 nostra
699 1785 889 1852 circumferre
902 1802 948 1853 te·

154 1913 239 1969 cum,
266 1906 446 1976 quantopere
481 1894 559 1956 mihi
585 1894 803 1977 providendum
831 1894 883 1972 eii,
909 1916 949 1959 ne

154 2000 220 2061 haec
233 2019 302 2081 pars
324 1996 516 2076 sarcinarum,
542 2010 687 2083 tanquam
706 1996 886 2083 supervacua
898 1998 948 2065 of·

154 2100 279 2167 fendat?
332 2099 463 2165 Adnitar
490 2124 561 2187 ergo
583 2104 726 2187 primum,
756 2118 791 2168 ut
822 2107 947 2170 comites

154 2208 221 2271 istos
244 2228 336 2291 quam
350 2208 603 2272 commodiffimos
617 2210 747 2273 habeas:
770 2210 889 2288 deinde,
913 2224 947 2275 ut

155 2311 286 2375 reversus
295 2312 440 2390 invenias,
464 2334 540 2397 quos
553 2312 614 2377 istis
627 2315 734 2378 addere
748 2315 833 2378 velis.
875 2316 946 2380 Ne·

154 2439 214 2503 que
224 2418 305 2480 enim
323 2418 511 2482 mediocriter
524 2439 575 2483 me
589 2421 628 2483 ad
645 2439 724 2485 nova
736 2440 825 2505 opera
837 2432 871 2486 tu
883 2422 947 2486 lec-

153 2536 200 2585 tor
212 2524 350 2587 hortaris.
397 2522 485 2587 Vale.
