2317 3767
231 244 297 328 484
358 246 906 315 c.1²t1t.artsaoitx.&c.

229 405 530 492 tisteret,·sciremque
551 417 583 471 te
600 406 751 471 ¹rationem
776 407 889 472 itineris
911 410 1022 493 proba·
1093 378 1100 397 ⁰

229 525 344 591 turum,
365 515 452 599 cujus
473 513 560 576 causa
580 524 644 576 erat
668 514 772 597 pietas.
816 511 894 578 Haec
911 512 1021 598 scripti,

229 618 301 702 quia
324 619 401 683 mihi
421 638 528 703 pamm
550 631 651 703 gratus
673 619 728 681 tibi
753 614 817 680 fore
841 618 977 696 videbar,
998 619 1020 681 fi

230 723 452 789 diffitnulaffem
477 725 553 788 inter
575 725 636 787 alia
661 723 806 788 beneficia
827 723 884 787 hoc
910 744 1019 799 unum,

229 831 311 912 quod
339 850 390 892 me
420 832 527 893 debere
561 828 689 893 sciebam
713 829 907 912 indulgentiae
934 841 1015 890 tuae:
1089 834 1091 839 ⁴

230 937 310 1017 quod
329 935 527 1019 fiduciaejus,
548 933 629 1019 quast
643 933 777 998 consulto
787 949 828 1009 te,
850 955 912 997 non
931 934 1020 997 dubi-

230 1041 291 1103 tavi
305 1036 415 1119 facere,
430 1062 498 1126 quae
511 1030 533 1102 'fi
546 1037 767 1116 consuluissem,
788 1037 852 1103 sero
865 1034 1007 1101 feciffem.

419 1271 536 1319 cxxu.
565 1270 624 1316 ΤΒ.
653 1269 780 1315 PLINIO
799 1269 829 1314 8.

233 1425 414 1538 Μεκῐτο
439 1462 566 1528 habuisti
577 1462 712 1527 Secunde
725 1458 868 1524 cariffime
878 1458 1019 1523 fiduciam

228 1576 324 1639 animi
337 1572 416 1638 mei:
448 1591 502 1632 nec
523 1569 724 1633 dubitandum
737 1563 846 1642 sufflet,
869 1564 890 1627 fi
911 1586 1019 1649 expec-

228 1681 315 1744 taffes
328 1682 423 1744 donec
441 1696 491 1739 me
510 1671 676 1739 consuleres
700 1692 740 1735 an
764 1671 821 1734 iter
838 1671 941 1733 uxoris
958 1680 1020 1733 tuae

229 1786 454 1870 diplomatibus,
475 1800 544 1867 quae
562 1777 661 1843 officio
688 1792 742 1842 tuo
763 1777 844 1854 dedi,
873 1775 1019 1859 adjuvan-

229 1894 303 1954 dum
317 1890 399 1965 effet,
422 1885 508 1950 usum
532 1905 637 1947 eorum
660 1882 817 1946 intentioni
839 1902 900 1943 non
915 1877 1019 1964 profu·

227 1994 278 2059 iffe
290 2016 307 2059 :v
321 2014 392 2057 cum
407 1992 485 2074 apud
508 1990 634 2053 amitam
648 1986 731 2050 suam
746 2008 821 2051 uxor
834 2002 886 2051 tua
899 1988 1019 2048 deberet

226 2101 318 2164 etiam
332 2096 479 2162 celeritate
494 2095 621 2179 gratiam
634 2094 780 2156 adventus
793 2091 838 2156 sui
852 2112 969 2174 augere.

484 2364 764 2412 FINIS·

385 2746 514 2794 'ems
540 2743 749 2790 EDMUNDI
776 2741 868 2785 FRY.

225 2825 1017 2856 ..................-----—-----
