2317 3767
383 278 646 325 crornx.
846 274 907 340 417

193 547 247 590 xx.
284 547 316 592 c.
341 546 486 591 ninius
511 546 680 598 anniano
707 546 787 589 inc.
809 532 837 587 s'.

82 742 84 745 ’
127 687 205 800 UT
232 739 363 823 primum
387 760 448 814 mc,
480 739 627 814 Domine,
653 737 836 821 indulgentia
859 749 911 798 tua

124 843 272 923 promovit
300 845 337 905 ad
365 842 572 927 praesediuram
607 844 737 919 Saturni,
770 843 911 905 omnibus

125 947 376 1024 advocationibus,
402 937 640 1032 quibusalioqui
660 968 815 1030 nunquam
828 964 910 1010 eram

124 1049 287 1132 promiscue
300 1049 433 1125 fundus,
461 1053 644 1127 renunciavi‚
671 1064 704 1113 ut
722 1063 787 1119 toto
808 1050 910 1112 animo

126 1155 258 1237 delegato
272 1157 350 1218 rnihi
363 1155 469 1219 officio
479 1177 630 1218 vacarem
671 1156 743 1239 Qua
762 1154 909 1232 excausa,

126 1280 195 1321 curn
210 1273 368 1342 patronum
385 1281 433 1321 me
447 1261 642 1343 provinciales
655 1259 797 1344 optassent
811 1251 913 1322 contra

127 1362 263 1429 Marium
285 1363 430 1440 Priscum,
449 1366 480 1428 δι
504 1365 574 1447 petii
591 1365 709 1426 veniam
731 1365 820 1446 hujus
843 1382 910 1426 rnu-

126 1470 217 1545 neris,
231 1523 234 1526 .
248 1471 278 1532 &
300 1470 466 1552 impetravi.
512 1469 570 1532 Sed
597 1490 668 1530 cum
691 1469 788 1552 postca
811 1467 912 1531 consul

127 1572 290 1655 designatus
304 1572 457 1636 censuisics
470 1577 628 1637 tacendum
647 1573 812 1649 nobiscum,
836 1595 911 1657 quo·

126 1697 195 1739 rum
209 1689 271 1739 erat
289 1677 436 1741 excusatio
449 1694 575 1761 recepta,
597 1692 630 1740 ut
643 1679 769 1741 essemus
783 1680 814 1740 in
828 1677 911 1742 sena-

127 1794 176 1843 tus
200 1780 348 1863 potestate,
374 1795 597 1866 pateremurque
622 1785 745 1845 nomina
764 1784 860 1847 nostra
880 1785 914 1847 in

127 1904 234 1949 urnam
256 1886 382 1970 conjici:
418 1887 724 1951 convenientissrmum
749 1888 806 1950 esse
830 1901 911 1951 tran-

125 1991 265 2074 quillitati
286 1990 375 2054 seculi
389 1992 433 2054 tui
455 1992 568 2074 putavi,
589 1991 748 2073 praesertim
768 2007 830 2057 tarn
844 2016 928 2058 mo»

125 2097 235 2161 deratae
249 2097 394 2159 voluntati
409 2095 577 2179 amplissimi
591 2097 703 2158 ordinis
722 2118 782 2160 non
806 2120 912 2182 repug-

127 2221 209 2265 nare.
260 2202 322 2267 Cui
347 2201 488 2286 obsequio
515 2221 585 2264 meo
608 2215 678 2284 opto
707 2215 740 2266 ut
767 2204 912 2268 existimes

83 2322 86 2329 ’
127 2305 257 2369 constare
278 2309 435 2382 rationem,
462 2327 532 2368 curn
554 2309 664 2368 omnia
677 2304 755 2370 sacia
776 2309 913 2392 duaque

128 2430 194 2484 inca
208 2413 331 2492 probare
345 2410 528 2475 sancriffimis
543 2412 678 2474 moribus
694 2414 752 2475 tuis
766 2415 895 2497 cupiam.

153 2672 172 2681 .,
269 2632 352 2685 XXI·
384 2641 570 2693 TRAJnrvus
596 2643 721 2688 Pilum
745 2643 774 2686 S.

130 2785 205 2894 Er
231 2810 304 2894 civis
328 2832 359 2895 δι
383 2831 521 2897 senatoris
546 2835 618 2899 boni
643 2835 775 2919 partibus
793 2831 914 2897 fundus

127 2957 171 3012 ss,
187 2934 359 3020 obsequium
370 2938 537 3021 ampliffimi
551 2941 663 3003 ordinis
673 2942 752 3026 quod
762 2938 914 3024 justissime

496 3042 562 3108 Ec
