2317 3767
179 242 240 334 236
338 246 808 311 c.'1³1.ru.nrrsnor.an.

177 406 241 488 pito
254 406 447 469 irreverenter
459 406 555 488 magis
570 424 663 490 quam
676 405 852 483 constanter,
870 409 973 493 utqui

176 509 273 593 ipsum
288 509 576 574 senatusconsultum
591 513 670 595 apud
689 511 831 576 Senatum
846 504 971 576 ac'cusa‘

177 626 233 677 ret.
265 614 426 698 Respondit
439 615 552 678 Fronto
563 615 810 700 Catius'graviter
822 619 853 681 ἃ
867 617 969 682 firmet

179 717 303 811 Senatus
325 719 386 803 ipse
399 720 554 805 mirificus.
598 721 685 783 Nam
713 722 758 785 illi
778 744 896 808 quoque
918 707 979 808 qul⁴

178 825 260 908 prius
270 822 413 908 negarant
421 823 542 888 Vareno
551 840 620 910 quae
633 828 770 910 petebat,
778 830 883 892 eadem
891 829 972 897 *dan-,

180 932 229 1006 da,
253 930 406 1014 postquam
427 936 510 993 erant
528 932 610 1007 data,
633 931 818 995 censuerunt.
863 932 971 1016 Singu-

179 1036 225 1098 1oe
239 1036 332 1112 enim,
346 1037 460 1120 integra
473 1057 516 1112 re,
531 1036 680 1099 dissentire
694 1032 742 1098 sas
754 1036 823 1113 effe,
841 1036 970 1120 peratia,

180 1143 261 1223 quod
292 1142 427 1224 pluribus
458 1140 621 1226 placuisset,
655 1142 769 1205 cunsiis
796 1145 969 1206 tuendum.

182 1242 301 1313 Acilius
325 1259 443 1310 tantum
471 1243 584 1324 Rufus,
614 1247 645 1310 &
664 1268 735 1310 cum
749 1268 786 1309 eo
801 1245 910 1331 septem
932 1268 976 1310 an*

181 1351 270 1414 osio?
294 1350 404 1435 septem
429 1352 536 1428 immo,
567 1354 599 1415 in
624 1354 720 1436 priore
744 1351 888 1415 sententia
906 1362 979 1434 per-'

181 1454 361 1520 severanmt.
404 1456 499 1521 Erant
518 1458 550 1519 in
576 1458 632 1519 hac
657 1458 804 1542 paucitate
823 1458 972 1534 nonnulli,

182 1583 312 1646 quorum
332 1563 510 1646 temporaria
522 1563 662 1644 gravitas,
688 1565 737 1626 vei
758 1565 857 1648 potius
874 1564 980 1645 gravi-⁶

182 1668 252 1731 tatis
282 1667 410 1729 imitatio
435 1668 595 1730 ridebatur.
648 1665 714 1731 Tu'
733 1681 834 1731 tamen
863 1669 975 1733 aestima

183 1784 331 1854 quantum
344 1792 400 1833 nos
420 1772 453 1834 in
466 1771 527 1856 ipsa
543 1794 643 1856 pugna
651 1775 822 1837 certaminis
842 1768 979 1851 maneat.⁸

158 1924 160 1926 -
184 1876 269 1960 c'ujus
278 1876 360 1960 quasr
371 1877 507 1960 praelusro
520 1890 608 1962 atque
622 1879 775 1964 praecursio
786 1880 840 1942 has
852 1886 973 1943 conten-

184 1981 280 2044 tiones
293 1982 445 2049 excitavit.
490 1982 577 2049 Vale.
974 1990 978 1995 '

249 2235 330 2280 xlv.
362 2235 396 2279 C.
420 2235 567 2279 PLINIUS
592 2233 765 2281 MAURICO
789 2232 856 2280 SUO
881 2236 909 2279 S.

189 2381 409 2496 Sourcrras
426 2427 520 2490 mein
537 2426 745 2491 Formianum.
791 2420 921 2490 Veniam
934 2428 974 2491 'ea

184 2532 366 2611 conditione,
392 2552 431 2593 ne
458 2533 529 2615 quid
552 2547 655 2596 contra
676 2533 870 2595 commodum
887 2543 979 2594 tuum

185 2636 298 2702 facias:
322 2658 381 2721 qua
393 2636 528 2720 paffione
543 2637 673 2700 invicem
687 2636 763 2699 mihi
777 2640 878 2699 caveo.
905 2636 975 2701 Ne-

185 2748 249 2829 que
262 2743 345 2806 enim
361 2762 444 2804 mare
462 2743 493 2805 &
504 2743 587 2818 litus,
602 2741 651 2805 sed
665 2756 706 2821 te,
731 2742 841 2819 otium,
856 2724 987 2806 liberta-³

185 2863 248 2913 tem
262 2848 385 2933 sequor:
410 2847 520 2929 alioqui
542 2842 631 2910 satius
656 2847 696 2910 est
722 2847 755 2910 in
780 2848 855 2910 urbe
876 2846 981 2909 rema?

185 2974 266 3018 nere.
310 2941 440 3037 Oportet
466 2952 548 3032 enim
574 2953 678 3016 omnia
700 2965 752 3015 aut
779 2955 818 3015 ad
843 2952 975 3015 alienum
