2317 3767
520 7 524 10 .
537 5 1110 13 &ama-ff*

423 277 701 329 ararum
894 278 958 351 209

167 415 344 503 Jucurrduur
365 433 465 487 tamen
487 421 509 487 fi
529 424 680 507 prohiberi
703 422 821 509 publice
844 424 959 502 videar,

167 529 248 609 quod
269 544 425 611 nunquam
439 527 493 593 tibi
514 527 575 613 ipse
588 528 765 613 permiseris.
809 522 876 594 Erit
897 526 961 593 for·

165 624 248 708 taffo,
274 631 369 701 immo
382 652 443 696 non
457 630 558 711 dubie,
580 635 672 720 hujus
686 634 823 720 propofiti
842 635 903 699 mei
925 635 957 700 ἀ

168 736 266 801 minor
280 738 357 814 laus,
368 739 411 819 A&
425 737 575 804 obscurior
598 738 692 817 fama,
718 763 788 809 cum
802 762 909 806 omues
922 761 960 804 ex

167 842 330 905 neceffitate
354 841 475 921 facient,
500 848 581 929 quod
600 867 656 930 ego
674 845 777 930 sponte
798 845 957 913 faciebam.

170 945 297 1010 Interim
307 945 391 1011 fruor
405 951 566 1033 voluptate,
586 972 656 1015 eum
671 952 721 1015 alii
739 952 878 1016 divinum
898 974 959 1029 me,

167 1053 220 1115 alii
233 1052 309 1115 meis
324 1053 446 1135 rapinis,
469 1075 548 1116 meae
567 1056 700 1119 avaritiae
720 1056 886 1135 occursum,
908 1078 960 1142 per

167 1157 275 1221 ludum
290 1177 324 1221 ac
333 1158 440 1243 j0cum
452 1159 599 1223 (fluitant.
646 1160 732 1223 Vale.

251 1390 315 1434 XV.
346 1388 379 1433 Ca
409 1387 557 1437 PLINIUS
583 1388 720 1436 PONTIO
746 1384 813 1435 SUO
844 1390 873 1435 8.

172 1530 424 1659 Sucrssuram
440 1582 472 1649 in
482 1579 693 1669 municipium,
708 1602 779 1648 cum
790 1583 864 1647 mihi
879 1598 958 1647 nun·

168 1685 280 1761 ciarum
296 1687 347 1763 est,
368 1688 539 1753 Comutum
554 1688 733 1753 Tertullum
745 1687 883 1772 accepisse
897 1689 958 1755 AE-

169 1790 262 1863 miliae
286 1792 344 1870 viae
372 1812 486 1857 curam.
538 1793 712 1877 Exprimere
740 1815 801 1858 non
829 1792 958 1878 possum,

168 1911 281 1980 quanto
305 1896 359 1963 srm
383 1896 493 1981 gaudio
509 1895 645 1976 affeuus,
672 1900 702 1964 ἃ
725 1899 810 1983 ipfius
832 1902 864 1965 be
889 1922 958 1969 meo

166 2004 299 2067 nomine.
346 2002 452 2087 lpsrus,
477 2005 557 2088 quod
581 2003 615 2065 fit
639 2004 719 2081 licet,
746 2003 816 2068 ficut
840 2004 892 2083 ost,
918 2009 957 2073 ab

165 2110 250 2175 omni
274 2109 439 2174 ambitione
463 2111 552 2193 longe
578 2124 721 2189 remotus,
747 2111 834 2175 debet
855 2123 955 2177 tamen

165 2215 194 2277 ei
202 2215 354 2301 jucundus
367 2214 426 2281 effe
438 2216 536 2283 honor
550 2217 629 2280 ultro
642 2217 739 2280 datus.
771 2208 860 2293 Meo,
876 2220 956 2301 quod

151 2321 318 2402 valiquanto
331 2323 426 2406 magis
450 2342 499 2385 me
518 2321 656 2398 deleuat,
680 2323 856 2387 mandatum
879 2323 956 2387 mihi

48 2504 51 2509 Ι
166 2422 309 2504 officium,
327 2426 481 2511 postquam
499 2445 553 2511 par
576 2426 714 2492 Cornuto
727 2429 831 2490 datum
853 2429 951 2493 video.

166 2529 275 2614 Neque
293 2533 382 2605 ,enim
415 2533 516 2616 augeri
540 2532 694 2615 dignitate,
723 2550 816 2617 quam
843 2534 955 2618 aequari

165 2637 251 2717 bonis
277 2638 401 2721 gratius.
446 2637 585 2707 Comuto
607 2651 708 2703 autem
733 2639 805 2721 quid
824 2637 951 2701 meliuai

163 2744 236 2827 quid
250 2742 399 2807 sanoiius?
426 2744 500 2827 quid
513 2746 545 2811 in
564 2746 649 2811 omni
672 2762 779 2827 genere
798 2741 895 2805 laudis
906 2743 954 2805 rad

20 2840 22 2845 ⁴
145 2924 150 2931 ..
162 2849 315 2931 exemplar
343 2847 527 2932 antiquitatis
552 2847 732 2933 expressius?
768 2847 848 2929 quod
879 2846 953 2911 mihi

161 2952 314 3035 cognitum
333 2952 373 3039 eii
394 2973 456 3019 nou
473 2950 568 3030 fama,
592 2976 652 3038 qua
666 2953 777 3038 alioqui
791 2952 954 3037 optima&
1018 3008 1021 3017 .
