2317 3767
203 233 263 323 136
369 257 403 303 c.
430 257 543 303 caru.
569 255 833 303 arrsroann.

195 400 254 462 bue
273 400 393 482 gaudet.
440 400 481 464 ln
503 400 561 463 hoc
580 420 636 482 ego
655 414 688 463 ut
711 395 853 462 referrem
865 398 994 482 gratiam

197 506 281 589 (nam
300 506 380 569 vinci
394 506 427 568 in
441 526 544 568 amore
557 504 758 589 turpiffimum
772 500 824 583 est)
847 505 996 588 templum

196 632 266 674 mea
278 612 405 696 pecunia
422 612 553 688 extruxi,
576 611 663 696 cujus
678 610 907 686 dedicationem,
923 630 996 672 cum

194 716 229 779 stt
256 730 406 802 paratum,
436 711 557 780 differre
586 716 706 800 longius
720 713 916 798 irreligiosum
940 715 992 778 est.

197 822 322 887 Erimus
342 845 413 907 ergo
432 823 475 886 ibi
498 822 694 886 dedicationis
715 822 776 896 die,
801 842 892 905 quem
906 821 997 903 epulo

196 930 345 993 celebrare
359 928 508 993 constitui.
554 926 748 991 Subsistemus
762 924 892 1002 fortaffe,
905 927 937 990 ἃ
950 925 994 989 se-

195 1036 298 1118 quenti
312 1036 373 1110 die,
395 1032 444 1097 sed
458 1047 543 1097 tanto
556 1034 652 1117 magis
667 1034 750 1096 viam
761 1030 854 1116 ipsam
868 1032 992 1116 corripi·

165 1183 170 1193 .
195 1161 293 1218 emus,
309 1141 463 1225 contingat
478 1141 571 1204 modo
583 1152 614 1202 te
630 1139 785 1223 filiamque
799 1151 885 1201 tuam
900 1134 993 1201 fortes

196 1248 349 1310 invenire:
372 1261 445 1311 nam
456 1247 565 1311 hilares
584 1260 699 1311 certum
708 1244 793 1322 est,fi
808 1266 864 1308 nos
878 1244 994 1308 ineolu-

197 1373 262 1417 mes
277 1354 456 1440 receperitis.
503 1352 593 1417 Vale.

262 1588 312 1634 11.
346 1582 764 1631 c.P1.1N1usc1.EMENT1
791 1581 859 1628 SUO
887 1582 916 1627 S·

199 1727 398 1844 Racuuus
414 1773 513 1842 fllium
532 1771 648 1841 arniiit:
671 1778 730 1843 hoc
751 1799 814 1842 uno
839 1779 921 1841 malo
945 1777 993 1840 in·

198 1883 319 1965 dignus,
329 1887 411 1970 quod
418 1881 517 1949 nescio
526 1905 566 1947 an
578 1885 694 1948 malum
708 1896 803 1969 putet.
838 1881 911 1947 Erat
923 1901 997 1967 puer

197 1989 272 2052 aeris
300 1989 424 2074 ingenii,
454 1990 503 2053 sed
526 1989 673 2074 ambigui,
699 1990 751 2075 qui
776 2002 879 2053 tamen
902 1986 995 2072 pollet

198 2095 279 2159 recu
290 2094 404 2174 seciari,
421 2096 568 2182 fipatrem
575 2118 637 2160 non
648 2094 781 2160 referret.
827 2095 922 2161 Hunc
931 2094 997 2159 Re..

196 2203 285 2285 gulus
298 2199 509 2286 emancipavit,
534 2215 568 2266 ut
593 2203 689 2267 haeres
714 2199 819 2266 matris
847 2183 990 2265 existeret.

199 2305 413 2391 Mancipatum
438 2305 492 2391 (ita
524 2310 616 2393 vulgo
637 2330 675 2373 ex
700 2309 836 2373 moribus
861 2305 994 2371 hominis

197 2409 409 2496 loquebantur)
431 2409 516 2477 foeda
535 2415 566 2478 ἃ
580 2413 697 2478 insolita
706 2411 879 2499 parentibus
893 2415 997 2478 indul··

197 2519 307 2602 gentiae
333 2517 521 2582 simulatione
540 2505 689 2604 captabat.
740 2519 920 2585 Incredibile
941 2518 994 2594 est,

197 2625 245 2689 sed
269 2625 424 2710 Regulum
448 2625 556 2709 cogita.
601 2625 756 2690 Amitium
784 2639 886 2688 tamen
914 2616 997 2709 luget

197 2731 309 2797 insane.
363 2731 505 2804 Habebat
537 2753 613 2816 puer
643 2732 782 2796 manulos
807 2731 931 2808 multos,
964 2731 997 2794 ἃ

193 2838 315 2922 junctos
325 2837 492 2903 &solutore
508 2838 734 2901 habebatcanes
744 2836 884 2921 ntajores,
894 2836 994 2899 mino-

108 2963 109 2966 *
197 2942 316 3032 resque:
343 2944 471 3011 habebat
484 2942 635 3022 lucinia,
670 2942 817 3029 psrttacoe,
845 2943 993 3007 merulas:
