2317 3767
227 291 288 338 110
387 282 850 334 c.1³1.1u.21²ts'rounu.

223 427 370 494 habuiffet
396 439 467 491 ante
488 427 688 513 provinciam,
717 427 829 511 placuit
854 424 977 490 Senatui
1000 428 1019 491 Ξ

224 535 346 620 reliquis
360 533 496 619 separari,
518 534 571 597 illa
591 533 674 610 filiae,
698 534 764 597 haec
781 531 912 617 spoliatis
925 532 1016 595 relin·
1145 513 1146 576 j

224 641 289 727 qui.
333 639 484 704 Additum
497 639 551 717 est,
574 652 609 702 ut
626 639 773 723 pecuniae,
796 658 872 723 quas
889 638 1018 702 credito·

226 747 308 811 ribus
322 745 459 822 solverat,
476 757 697 810 revocarentur.
731 743 929 829 Hispanus&
943 740 1018 806 Pro-

226 855 283 917 bu's
314 853 346 917 in
371 849 609 937 quinquennium
636 850 769 934 relegati.
813 847 901 913 Adeo
927 869 1018 932 grave

227 958 324 1023 visum
338 958 390 1035 est,
411 960 492 1042 quod
507 956 593 1029 initio
612 955 816 1031 dubitabatur,
838 976 879 1018 an
892 954 1018 1019 omnino

227 1064 342 1127 crimen
355 1062 436 1127 esset.
481 1061 549 1127 Post
567 1082 677 1145 paucos
690 1062 754 1124 dies
775 1059 922 1126 Clavium
943 1058 1019 1124 Fus-

228 1190 312 1246 cum,
335 1168 457 1234 Classrci
470 1178 634 1253 generum*
650 1168 681 1231 ἃ
696 1166 857 1231 Stilonium
871 1164 1017 1242 Priscum,

229 1275 282 1359 qui
288 1273 448 1338 Tribunus
462 1274 592 1337 cohortis
600 1271 653 1336 sub
665 1272 794 1338 Claffico
807 1268 915 1349 suerat,
930 1292 1017 1335 accu-

228 1380 371 1457 savimus,
394 1379 501 1463 dispari
526 1392 647 1442 eventu.
692 1377 792 1441 Prisco
816 1378 849 1441 in
862 1375 1018 1441 biennium

231 1485 322 1551 Italia
336 1486 547 1549 interditlum:
571 1483 722 1547 absolutus
738 1483 779 1547 est
794 1481 918 1548 Fuscus.
955 1481 1018 1546 Ae·,

228 1590 309 1655 tione
322 1591 409 1653 tertia
422 1589 696 1653 commodissimum
709 1589 894 1675 putavimus,
918 1591 1020 1674 plures

227 1714 423 1779 congregare:
447 1694 521 1757 nest
539 1695 658 1779 longius
677 1696 748 1759 effet
761 1695 897 1759 extracta
915 1696 1019 1779 cogni·

229 1801 283 1877 tio,
304 1799 434 1863 satietate
455 1802 487 1866 ἀ
507 1802 599 1865 taedio
619 1804 751 1887 quodam
772 1800 883 1885 justitia
895 1799 1019 1885 cognos-

229 1906 363 1970 centium
387 1904 580 1991 severitasque
606 1907 823 1992 languesceret:
844 1907 955 1991 alioqui
968 1905 1017 1969 su-

229 2024 365 2097 pererant
378 2013 509 2076 minores
520 2013 574 2089 rei,
590 2015 660 2076 data
673 2034 762 2097 opera
774 2014 856 2076 hunc
871 2014 902 2077 in
917 2014 1019 2077 locum

230 2114 385 2180 reservati:
410 2130 533 2201 excepta
553 2131 655 2182 tamen
681 2117 802 2185 Classici
824 2139 929 2195 uxore,
950 2140 1020 2202 quae

229 2221 302 2286 ficut
315 2222 461 2306 implicita
473 2221 698 2306 suspicionibus,
721 2224 763 2286 ita
781 2244 844 2286 non
864 2222 931 2287 satis
944 2244 1018 2287 con-

229 2328 312 2390 vinci
336 2327 561 2411 probationibus
588 2328 651 2391 visa
678 2328 730 2392 est.
780 2328 867 2393 Nam
898 2328 1019 2394 Classici

229 2430 303 2509 lisia,
328 2453 397 2519 quae
418 2434 449 2497 ἃ
462 2432 524 2517 ipsa
543 2435 622 2498 inter
644 2456 709 2498 reos
729 2446 803 2511 erat,
830 2455 869 2497 ne
881 2433 1019 2518 suspicio-

229 2537 319 2601 nibus
331 2538 454 2623 quidem
467 2541 611 2604 haerebat.
648 2539 755 2625 Itaque
767 2562 839 2605 cum
853 2542 891 2604 ad
907 2561 1021 2604 nomen

227 2643 293 2729 ejus
307 2644 339 2707 in
356 2651 490 2708 extrema
510 2645 627 2709 asiione
641 2647 783 2710 venissem
809 2648 918 2733 (neque
937 2648 1021 2709 enim

229 2761 263 2814 ut
277 2749 374 2826 initio,
398 2750 437 2814 src
459 2750 551 2814 etiam
569 2753 602 2814 in
620 2752 682 2816 fine
700 2755 866 2818 verendum
884 2767 958 2829 erat,
981 2772 1021 2816 ne

229 2874 282 2938 per
295 2856 353 2920 hoc
374 2858 466 2921 totius
480 2855 673 2922 accusationis
694 2858 853 2923 autloritas
865 2859 1021 2922 minuere·

229 2957 291 3042 tur)
310 2961 544 3027 honeffiffirnum
561 2964 673 3028 credidi
685 2985 748 3030 non
761 2984 896 3049 premere
907 2965 1021 3028 imme÷
