2317 3767
248 246 311 329 446
421 268 882 324 c·rttn.al>1ctotnu.

247 411 409 496 datumque
428 410 446 476 i
467 411 569 479 senatu
584 408 635 501 jus
652 419 805 496 omnibus,
817 423 854 483 de
868 421 979 505 qulbus
987 423 1041 486 ille

246 515 357 599 aliquid
370 518 569 598 constituisset,
593 544 631 585 ex
645 522 759 607 integro
773 527 878 609 agendi
892 529 1040 592 duntaxat

1142 538 1145 631 l

245 641 297 703 per
309 622 477 702 biennium,
494 626 672 711 interrogavi
690 630 772 692 hunc
783 651 873 713 quem
887 633 1039 715 relegave·
1143 680 1144 713 ,

246 738 304 803 rat,
317 747 355 789 an
369 729 493 807 adiisset,
509 733 708 818 docuissetque
722 734 938 817 proconsulem.
968 737 1037 800 Ne,

245 832 337 913 gavit.
369 831 426 895 Per
439 838 519 918 quod
534 835 676 902 effetium
686 838 737 916 est,
754 852 788 901 ut
798 854 827 902 te
842 840 1037 919 consulerem,
1143 826 1144 831 ἵ

153 985 157 992 .
245 952 283 999 an
299 940 482 1002 reddendum
500 960 570 1004 eum
584 960 682 1025 poenae
696 944 767 1020 suae,
783 966 823 1006 an
840 946 959 1027 gravius
980 947 1035 1008 ali·
1143 978 1144 1039 ἦ

243 1040 328 1124 quid,
347 1045 379 1107 bt
404 1046 475 1128 quid
503 1047 696 1130 potissimum,
720 1049 957 1112 constituendum
978 1073 1034 1134 pu·
1143 1056 1144 1109 ὲ

243 1157 320 1210 tates
333 1150 364 1213 δε
378 1150 410 1212 in
425 1152 517 1228 hunc,
537 1153 567 1216 ἃ
589 1154 621 1215 in
634 1174 697 1230 eos,
710 1153 731 1215 sr
745 1155 797 1237 qui
808 1152 885 1217 forte
898 1156 930 1217 in
946 1156 1033 1220 simili

245 1252 413 1317 conditione
440 1257 653 1321 invenirentur.
700 1259 866 1323 Decretum
891 1260 1037 1325 Calvi&

243 1361 389 1438 edietum,
404 1363 477 1425 item
492 1366 643 1428 decretum
656 1360 732 1429 Baffi
749 1366 797 1428 his
810 1367 903 1429 literis
912 1365 1034 1451 subjeci.

378 1588 465 1639 va.
503 1590 691 1646 'rnanNus
716 1596 843 1642 PLINIO
868 1597 897 1640 S.

247 1739 374 1869 Qum
386 1785 582 1870 inpersonanr
593 1803 698 1850 eorum
713 1785 902 1850 statuendum
913 1787 959 1863 fit,
982 1791 1035 1872 qui

244 1892 261 1952 a
276 1890 311 1951 P.
326 1886 451 1954 Servilio
464 1884 565 1956 Calvo
578 1890 749 1975 proconsule
764 1893 796 1953 in
810 1893 972 1955 triennium
987 1912 1035 1955 re·

243 1995 342 2077 legati,
368 1992 398 2060 u
422 2010 495 2060 mossx
517 1996 648 2081 ejusdem
670 1996 768 2059 edicto
782 1997 904 2060 restituti
918 1998 951 2059 in
964 2020 1034 2081 pro-

243 2101 341 2163 vincia
364 2102 585 2165 remanserunt:
621 2103 755 2185 proxime
781 2102 836 2165 tibi
864 2101 1034 2179 rescribam,

238 2203 1098 2297 curiourmlmjusfattiacalvorequissero¹

241 2310 306 2396 Qui
319 2313 338 2375 a
352 2311 436 2395 Jullo
450 2311 536 2375 Basso
564 2312 597 2374 in
615 2324 789 2396 perpetuum
809 2315 954 2396 relegatus
978 2315 1032 2389 est,
1051 2307 1053 2313 ’

202 2432 206 2437 *
240 2430 310 2480 cunr
324 2432 377 2502 per
389 2412 546 2480 biennium
565 2419 672 2500 agendi
696 2416 869 2481 facultatem
883 2418 1033 2495 habuerit,

46 2532 48 2536 '
108 2568 110 2571 -
241 2516 461 2586 srenissimaba't
477 2522 505 2586 se
524 2524 633 2607 injuria
646 2525 822 2605 relegatum,
835 2544 931 2608 neque
945 2526 975 2587 id
986 2523 1033 2587 se-

240 2620 324 2704 eust,
338 2640 427 2713 utque
448 2631 481 2697 ln
502 2628 656 2713 provincia
670 2626 779 2690 morari
794 2629 1031 2713 perseveraverit,

240 2735 359 2799 vinetus
374 2737 453 2799 mitti
478 2738 515 2798 ad
538 2731 695 2819 praesec'toa
711 2735 841 2817 praetorii
855 2735 916 2798 mei
929 2737 1030 2798 debet.

240 2839 352 2924 Neque
373 2843 455 2904 enim
478 2839 611 2917 sufficiet,
636 2858 707 2902 eum
721 2854 821 2923 poenue
835 2839 895 2903 suae
909 2840 1032 2920 restitui,

239 2966 331 3030 quam
344 2946 532 3012 contumacia
545 2944 639 3010 elufit.
