2317 3767
226 243 288 323 408
388 263 853 319 c.an1n.rr1sroarra.

226 415 345 467 tantum
367 405 558 490 indulgentiae
577 409 740 487 beneficio,'
760 407 868 472 referre
888 413 1016 493 gratiam

226 531 328 592 parem
341 512 469 594 possum.
513 513 619 597 Q'rare'
640 535 722 597 rogo,
747 514 841 576 desei
862 513 1016 579 civitatem

225 613 407 680 Romanam.
459 617 510 680 Est
538 619 619 680 enim
645 619 806 702 peregrinae
834 620 1015 682 conditionis

223 721 418 784 manumi'tlus
433 723 450 788 a
464 723 626 806 peregrina.
665 723 797 785 Vocatur
817 721 875 806 ipse
890 723 1014 808 Harpo-

224 845 298 901 cras,
319 839 474 910 patronam
500 829 605 891 habuit
627 828 835 892 Thermuthin
859 829 1012 907 Theonis,

223 953 290 1014 quae
303 931 370 1015 jam
390 933 504 1015 pridem
518 930 659 995 defuntTla
673 933 724 996 est.
772 933 851 996 Item
871 955 943 1016 rogo
960 938 1014 996 des

217 1035 269 1118 jus
285 1035 452 1120 Qiiritium
467 1038 580 1101 libertis
593 1037 734 1101 Antoniae
749 1038 944 1114 Maximillae,
961 1062 1013 1103 or.

221 1138 375 1202 natiffimae
398 1139 544 1218 foeminae,
568 1140 680 1217 Heliae,
709 1144 740 1205 &
762 1141 905 1206 Antoniae
927 1143 1012 1207 Har.

221 1245 345 1308 meridi:
365 1248 444 1330 qnod
464 1245 535 1322 ate,
560 1259 677 1329 petente
697 1259 831 1330 patrona,
852 1260 931 1330 peto.

359 1477 395 1522 v.
429 1476 462 1521 e.
487 1445 632 1520 nimius
657 1476 715 1521 nn.
743 1477 822 1521 mir.
846 1477 875 1520 s,

225 1618 477 1743 Enniam,
502 1664 649 1743 Domine,
673 1668 770 1731 verbis
795 1690 856 1731 non
879 1666 1049 1751 possum,

220 1784 366 1854 quantum
391 1792 442 1834 me
464 1770 573 1854 gaudio
595 1770 755 1835 adfecerint
781 1773 908 1857 epistolae
936 1786 1010 1849 tuae,

219 1877 388 1958 exquibus
415 1878 553 1959 cognovi,
580 1888 610 1937 te
638 1875 816 1960 Harpocrati
846 1877 1011 1961 Iatraliptae

220 2000 288 2042 meo
310 1981 400 2042 etiam
424 1980 661 2047 Alexandrinam
686 1982 838 2046 civitatem
862 1982 1007 2059 tribuille,

218 2085 355 2166 quamvis
366 2085 526 2148 secundum
538 2086 750 2148 institutionem
766 2089 932 2171 principum
945 2109 1008 2151 non

218 2204 329 2251 temere
354 2211 422 2254 eam
455 2192 525 2252 dare
559 2189 762 2273 proposuiffes.
808 2192 875 2256 Effe
907 2206 1008 2256 autem
1059 2276 1065 2287 Ι
1104 2274 1109 2280 ⁴

217 2295 404 2378 Harpocram
422 2295 496 2377 νόμε
512 2296 706 2379 με’μΦιτικέ,
725 2297 823 2359 indico
835 2297 911 2360 tibi:
934 2317 1009 2381 rogo

216 2382 286 2484 ergo
307 2400 555 2484 indulgentiffime
580 2401 660 2484 Imp.
678 2415 711 2463 ut
729 2401 806 2465 mihi
824 2404 861 2463 ad
876 2401 1006 2485 Pompe-

212 2507 280 2590 jum
295 2504 444 2580 Plantam,
465 2503 639 2588 praesertum
653 2506 790 2590 AEgypti,
811 2506 943 2570 amicum
956 2520 1007 2569 tu·

217 2633 280 2686 um,
298 2610 383 2673 ficut
402 2608 566 2693 promisisti,
582 2610 733 2694 epistolam
747 2611 866 2676 mittas:
885 2612 1007 2676 obviant

213 2716 331 2791 iturus,-
355 2737 415 2799 quo
435 2715 590 2777 'maturius
618 2715 753 2780 Domine
778 2708 1004 2799 exoptatiffime‚

213 2823 357 2884 adventus
371 2820 414 2882 tui
428 2821 537 2902 gaudio
551 2816 611 2882 frui
622 2819 737 2904 pofl'tm.
783 2820 871 2903 Rogo
881 2822 1006 2905 permit-

212 2938 257 2990 tas
272 2926 346 2988 mihi
358 2945 450 3010 quam
466 2923 630 3006 longiffime
645 2945 796 3017 occurrere
808 2925 874 2989 tibi.
