<?xml version="1.0" encoding="UTF-8"?>
<!DOCTYPE html PUBLIC "-//W3C//DTD XHTML 1.0 Transitional//EN"
    "http://www.w3.org/TR/xhtml1/DTD/xhtml1-transitional.dtd">
<html xmlns="http://www.w3.org/1999/xhtml" xml:lang="en" lang="en">
 <head>
  <title>
</title>
<meta http-equiv="Content-Type" content="text/html;charset=utf-8" />
  <meta name='ocr-system' content='tesseract 3.04.00' />
  <meta name='ocr-capabilities' content='ocr_page ocr_carea ocr_par ocr_line ocrx_word'/>
</head>
<body>
  <div class='ocr_page' id='page_1' title='image "./cpliniicciliise01plingoog_0127.png"; bbox 0 0 2317 3767; ppageno 0'>
   <div class='ocr_carea' id='block_1_1' title="bbox 398 289 949 360">
    <p class='ocr_par' dir='ltr' id='par_1_1' title="bbox 398 289 949 360">
     <span class='ocr_line' id='line_1_1' title="bbox 398 289 949 360; baseline -0.007 -18"><span class='ocrx_word' id='word_1_1' title='bbox 398 293 588 342; x_wconf 76' lang='lat' dir='ltr'>rrrrr</span> <span class='ocrx_word' id='word_1_2' title='bbox 633 292 703 340; x_wconf 86' lang='lat'>111.</span> <span class='ocrx_word' id='word_1_3' title='bbox 885 289 949 360; x_wconf 62' lang='lat'><strong>¹09.</strong></span> 
     </span>
    </p>
   </div>
   <div class='ocr_carea' id='block_1_2' title="bbox 141 432 973 3054">
    <p class='ocr_par' dir='ltr' id='par_1_2' title="bbox 141 432 973 3054">
     <span class='ocr_line' id='line_1_2' title="bbox 152 432 945 522; baseline -0.009 -18"><span class='ocrx_word' id='word_1_4' title='bbox 152 454 230 504; x_wconf 87' lang='lat' dir='ltr'>rant.</span> <span class='ocrx_word' id='word_1_5' title='bbox 276 434 325 503; x_wconf 84' lang='lat' dir='ltr'>Ex</span> <span class='ocrx_word' id='word_1_6' title='bbox 344 439 466 522; x_wconf 80' lang='lat' dir='ltr'>quibus,</span> <span class='ocrx_word' id='word_1_7' title='bbox 490 438 566 500; x_wconf 79' lang='lat' dir='ltr'>duos</span> <span class='ocrx_word' id='word_1_8' title='bbox 581 435 680 499; x_wconf 83' lang='lat' dir='ltr'>statim</span> <span class='ocrx_word' id='word_1_9' title='bbox 700 432 829 499; x_wconf 83' lang='lat' dir='ltr'>Classico</span> <span class='ocrx_word' id='word_1_10' title='bbox 838 432 945 519; x_wconf 86' lang='lat' dir='ltr'>junxi·</span> 
     </span>
     <span class='ocr_line' id='line_1_3' title="bbox 152 537 973 624; baseline -0.004 -16"><span class='ocrx_word' id='word_1_11' title='bbox 152 545 232 621; x_wconf 85' lang='lat' dir='ltr'>mus,</span> <span class='ocrx_word' id='word_1_12' title='bbox 250 543 390 608; x_wconf 82' lang='lat' dir='ltr'>Baebium</span> <span class='ocrx_word' id='word_1_13' title='bbox 403 543 549 619; x_wconf 86' lang='lat' dir='ltr'>Probum,</span> <span class='ocrx_word' id='word_1_14' title='bbox 563 544 595 606; x_wconf 76' lang='grc' dir='ltr'>δι</span> <span class='ocrx_word' id='word_1_15' title='bbox 611 540 741 604; x_wconf 87' lang='lat' dir='ltr'>Fabium</span> <span class='ocrx_word' id='word_1_16' title='bbox 752 538 942 624; x_wconf 80' lang='lat' dir='ltr'>Hispanumr</span> <span class='ocrx_word' id='word_1_17' title='bbox 968 537 973 544; x_wconf 80' lang='grc'><strong>’</strong></span> 
     </span>
     <span class='ocr_line' id='line_1_4' title="bbox 153 642 944 734; baseline -0.001 -22"><span class='ocrx_word' id='word_1_18' title='bbox 153 664 314 734; x_wconf 89' lang='lat' dir='ltr'>utrumque</span> <span class='ocrx_word' id='word_1_19' title='bbox 336 649 444 733; x_wconf 86' lang='lat' dir='ltr'>gratia,</span> <span class='ocrx_word' id='word_1_20' title='bbox 480 646 652 731; x_wconf 89' lang='lat' dir='ltr'>Hispanum</span> <span class='ocrx_word' id='word_1_21' title='bbox 687 647 779 709; x_wconf 89' lang='lat' dir='ltr'>etiam</span> <span class='ocrx_word' id='word_1_22' title='bbox 804 642 944 711; x_wconf 71' lang='lat' dir='ltr'>facundia</span> 
     </span>
     <span class='ocr_line' id='line_1_5' title="bbox 153 731 968 835; baseline -0.001 -17"><span class='ocrx_word' id='word_1_23' title='bbox 153 756 298 818; x_wconf 81' lang='lat' dir='ltr'>validum.</span> <span class='ocrx_word' id='word_1_24' title='bbox 345 754 386 818; x_wconf 88' lang='lat' dir='ltr'>Et</span> <span class='ocrx_word' id='word_1_25' title='bbox 409 755 487 817; x_wconf 84' lang='lat' dir='ltr'>circa</span> <span class='ocrx_word' id='word_1_26' title='bbox 509 751 673 817; x_wconf 76' lang='lat' dir='ltr'>Classicum</span> <span class='ocrx_word' id='word_1_27' title='bbox 687 735 810 835; x_wconf 82' lang='lat' dir='ltr'>quidem</span> <span class='ocrx_word' id='word_1_28' title='bbox 832 753 943 831; x_wconf 84' lang='lat' dir='ltr'>brevis,</span> <span class='ocrx_word' id='word_1_29' title='bbox 964 731 968 739; x_wconf 29' lang='grc' dir='ltr'>Ι</span> 
     </span>
     <span class='ocr_line' id='line_1_6' title="bbox 152 855 943 944; baseline -0.008 -19"><span class='ocrx_word' id='word_1_30' title='bbox 152 863 183 925; x_wconf 76' lang='grc' dir='ltr'>ὅτ</span> <span class='ocrx_word' id='word_1_31' title='bbox 196 861 352 944; x_wconf 86' lang='lat' dir='ltr'>expeditus</span> <span class='ocrx_word' id='word_1_32' title='bbox 366 861 470 922; x_wconf 84' lang='lat' dir='ltr'>labor:</span> <span class='ocrx_word' id='word_1_33' title='bbox 492 858 544 921; x_wconf 88' lang='lat' dir='ltr'>sua</span> <span class='ocrx_word' id='word_1_34' title='bbox 566 879 660 920; x_wconf 88' lang='lat' dir='ltr'>manu</span> <span class='ocrx_word' id='word_1_35' title='bbox 677 856 835 941; x_wconf 83' lang='lat' dir='ltr'>reliquerat</span> <span class='ocrx_word' id='word_1_36' title='bbox 852 855 943 941; x_wconf 91' lang='lat' dir='ltr'>scrip-</span> 
     </span>
     <span class='ocr_line' id='line_1_7' title="bbox 151 953 968 1052; baseline -0.001 -24"><span class='ocrx_word' id='word_1_37' title='bbox 151 953 229 1042; x_wconf 87' lang='lat' dir='ltr'>tum,</span> <span class='ocrx_word' id='word_1_38' title='bbox 247 966 319 1048; x_wconf 92' lang='lat' dir='ltr'>quid</span> <span class='ocrx_word' id='word_1_39' title='bbox 334 986 373 1028; x_wconf 85' lang='lat' dir='ltr'>ex</span> <span class='ocrx_word' id='word_1_40' title='bbox 383 984 500 1048; x_wconf 86' lang='lat' dir='ltr'>quaque</span> <span class='ocrx_word' id='word_1_41' title='bbox 514 985 557 1039; x_wconf 92' lang='lat' dir='ltr'>re,</span> <span class='ocrx_word' id='word_1_42' title='bbox 579 963 651 1047; x_wconf 92' lang='lat' dir='ltr'>quid</span> <span class='ocrx_word' id='word_1_43' title='bbox 670 984 708 1026; x_wconf 84' lang='lat' dir='ltr'>ex</span> <span class='ocrx_word' id='word_1_44' title='bbox 726 983 844 1047; x_wconf 89' lang='lat' dir='ltr'>quaque</span> <span class='ocrx_word' id='word_1_45' title='bbox 857 964 944 1027; x_wconf 85' lang='lat' dir='ltr'>causa</span> <span class='ocrx_word' id='word_1_46' title='bbox 961 959 968 1052; x_wconf 55' lang='lat' dir='ltr'>J</span> 
     </span>
     <span class='ocr_line' id='line_1_8' title="bbox 150 1062 943 1155; baseline -0.003 -21"><span class='ocrx_word' id='word_1_47' title='bbox 150 1062 314 1155; x_wconf 86' lang='lat' dir='ltr'>accepisset.</span> <span class='ocrx_word' id='word_1_48' title='bbox 358 1068 486 1133; x_wconf 84' lang='lat' dir='ltr'>Miserat</span> <span class='ocrx_word' id='word_1_49' title='bbox 497 1070 590 1131; x_wconf 86' lang='lat' dir='ltr'>etiam</span> <span class='ocrx_word' id='word_1_50' title='bbox 604 1067 738 1152; x_wconf 83' lang='lat' dir='ltr'>epistolas</span> <span class='ocrx_word' id='word_1_51' title='bbox 757 1067 890 1132; x_wconf 85' lang='lat' dir='ltr'>Romam</span> <span class='ocrx_word' id='word_1_52' title='bbox 904 1070 943 1132; x_wconf 85' lang='lat' dir='ltr'>ad</span> 
     </span>
     <span class='ocr_line' id='line_1_9' title="bbox 151 1173 944 1259; baseline -0.001 -20"><span class='ocrx_word' id='word_1_53' title='bbox 151 1177 317 1239; x_wconf 87' lang='lat' dir='ltr'>amiculam</span> <span class='ocrx_word' id='word_1_54' title='bbox 331 1177 495 1259; x_wconf 89' lang='lat' dir='ltr'>quandam,</span> <span class='ocrx_word' id='word_1_55' title='bbox 514 1174 662 1259; x_wconf 73' lang='lat' dir='ltr'>jasiantes</span> <span class='ocrx_word' id='word_1_56' title='bbox 679 1174 711 1237; x_wconf 69' lang='grc' dir='ltr'>δε</span> <span class='ocrx_word' id='word_1_57' title='bbox 723 1173 874 1255; x_wconf 80' lang='lat' dir='ltr'>gloriosas,</span> <span class='ocrx_word' id='word_1_58' title='bbox 895 1176 944 1238; x_wconf 78' lang='lat' dir='ltr'>hir</span> 
     </span>
     <span class='ocr_line' id='line_1_10' title="bbox 149 1278 943 1366; baseline 0 -22"><span class='ocrx_word' id='word_1_59' title='bbox 149 1283 276 1366; x_wconf 92' lang='lat' dir='ltr'>quidem</span> <span class='ocrx_word' id='word_1_60' title='bbox 296 1283 405 1357; x_wconf 85' lang='lat' dir='ltr'>verbis,</span> <span class='ocrx_word' id='word_1_61' title='bbox 433 1281 478 1358; x_wconf 83' lang='lat' dir='ltr'>so,</span> <span class='ocrx_word' id='word_1_62' title='bbox 498 1280 537 1356; x_wconf 81' lang='lat' dir='ltr'>io,</span> <span class='ocrx_word' id='word_1_63' title='bbox 560 1279 635 1343; x_wconf 81' lang='lat' dir='ltr'>liber</span> <span class='ocrx_word' id='word_1_64' title='bbox 655 1280 698 1340; x_wconf 85' lang='lat' dir='ltr'>ad</span> <span class='ocrx_word' id='word_1_65' title='bbox 714 1291 741 1341; x_wconf 86' lang='lat' dir='ltr'>te</span> <span class='ocrx_word' id='word_1_66' title='bbox 761 1278 865 1343; x_wconf 75' lang='lat' dir='ltr'>venio:</span> <span class='ocrx_word' id='word_1_67' title='bbox 877 1281 943 1365; x_wconf 84' lang='lat' dir='ltr'>jam</span> 
     </span>
     <span class='ocr_line' id='line_1_11' title="bbox 141 1382 943 1473; baseline -0.004 -21"><span class='ocrx_word' id='word_1_68' title='bbox 141 1386 309 1473; x_wconf 83' lang='lat' dir='ltr'>sestertium</span> <span class='ocrx_word' id='word_1_69' title='bbox 322 1385 491 1471; x_wconf 74' lang='lat' dir='ltr'>quadragies</span> <span class='ocrx_word' id='word_1_70' title='bbox 513 1384 619 1468; x_wconf 86' lang='lat' dir='ltr'><em>redegi,</em></span> <span class='ocrx_word' id='word_1_71' title='bbox 637 1396 724 1469; x_wconf 79' lang='lat' dir='ltr'>parte</span> <span class='ocrx_word' id='word_1_72' title='bbox 740 1382 857 1447; x_wconf 79' lang='lat' dir='ltr'>vendita</span> <span class='ocrx_word' id='word_1_73' title='bbox 874 1385 943 1449; x_wconf 71' lang='grc' dir='ltr'>Βα-</span> 
     </span>
     <span class='ocr_line' id='line_1_12' title="bbox 150 1485 943 1575; baseline -0.005 -18"><span class='ocrx_word' id='word_1_74' title='bbox 150 1493 283 1559; x_wconf 85' lang='lat' dir='ltr'>ticorum.</span> <span class='ocrx_word' id='word_1_75' title='bbox 328 1493 421 1558; x_wconf 91' lang='lat' dir='ltr'>Circa</span> <span class='ocrx_word' id='word_1_76' title='bbox 434 1491 603 1575; x_wconf 90' lang='lat' dir='ltr'>Hispanum</span> <span class='ocrx_word' id='word_1_77' title='bbox 618 1490 649 1553; x_wconf 74' lang='grc' dir='ltr'>δι</span> <span class='ocrx_word' id='word_1_78' title='bbox 663 1488 798 1552; x_wconf 86' lang='lat' dir='ltr'>Probum</span> <span class='ocrx_word' id='word_1_79' title='bbox 812 1485 943 1553; x_wconf 86' lang='lat' dir='ltr'>mulmm</span> 
     </span>
     <span class='ocr_line' id='line_1_13' title="bbox 152 1593 942 1680; baseline -0.004 -20"><span class='ocrx_word' id='word_1_80' title='bbox 152 1598 278 1663; x_wconf 87' lang='lat' dir='ltr'>sudoris.</span> <span class='ocrx_word' id='word_1_81' title='bbox 316 1598 438 1663; x_wconf 90' lang='lat' dir='ltr'>Horum</span> <span class='ocrx_word' id='word_1_82' title='bbox 452 1597 613 1680; x_wconf 86' lang='lat' dir='ltr'>antequam</span> <span class='ocrx_word' id='word_1_83' title='bbox 627 1594 753 1659; x_wconf 90' lang='lat' dir='ltr'>crimina</span> <span class='ocrx_word' id='word_1_84' title='bbox 763 1593 942 1678; x_wconf 80' lang='lat' dir='ltr'>ingrederer,</span> 
     </span>
     <span class='ocr_line' id='line_1_14' title="bbox 152 1699 964 1777; baseline -0.007 -9"><span class='ocrx_word' id='word_1_85' title='bbox 152 1701 345 1768; x_wconf 86' lang='lat' dir='ltr'>necessarium</span> <span class='ocrx_word' id='word_1_86' title='bbox 359 1703 470 1767; x_wconf 89' lang='lat' dir='ltr'>credidi</span> <span class='ocrx_word' id='word_1_87' title='bbox 484 1703 646 1777; x_wconf 88' lang='lat' dir='ltr'>elaborare,</span> <span class='ocrx_word' id='word_1_88' title='bbox 671 1713 704 1764; x_wconf 92' lang='lat' dir='ltr'>ut</span> <span class='ocrx_word' id='word_1_89' title='bbox 717 1699 861 1764; x_wconf 80' lang='lat' dir='ltr'>constaret</span> <span class='ocrx_word' id='word_1_90' title='bbox 883 1700 942 1762; x_wconf 91' lang='lat' dir='ltr'>mi·</span> <span class='ocrx_word' id='word_1_91' title='bbox 961 1705 964 1712; x_wconf 74' lang='grc'>“</span> 
     </span>
     <span class='ocr_line' id='line_1_15' title="bbox 151 1802 941 1891; baseline -0.006 -18"><span class='ocrx_word' id='word_1_92' title='bbox 151 1808 306 1874; x_wconf 90' lang='lat' dir='ltr'>nisterium</span> <span class='ocrx_word' id='word_1_93' title='bbox 334 1810 447 1872; x_wconf 87' lang='lat' dir='ltr'>crimen</span> <span class='ocrx_word' id='word_1_94' title='bbox 468 1806 536 1871; x_wconf 83' lang='lat' dir='ltr'>effe.</span> <span class='ocrx_word' id='word_1_95' title='bbox 581 1806 676 1891; x_wconf 79' lang='lat' dir='ltr'>Qrod</span> <span class='ocrx_word' id='word_1_96' title='bbox 693 1806 746 1870; x_wconf 86' lang='lat' dir='ltr'>nisr</span> <span class='ocrx_word' id='word_1_97' title='bbox 770 1802 941 1885; x_wconf 84' lang='lat' dir='ltr'>effeciffem,</span> 
     </span>
     <span class='ocr_line' id='line_1_16' title="bbox 150 1912 941 1999; baseline -0.001 -20"><span class='ocrx_word' id='word_1_98' title='bbox 150 1913 260 1979; x_wconf 82' lang='lat' dir='ltr'>frustra</span> <span class='ocrx_word' id='word_1_99' title='bbox 282 1914 429 1979; x_wconf 88' lang='lat' dir='ltr'>ministros</span> <span class='ocrx_word' id='word_1_100' title='bbox 449 1913 625 1999; x_wconf 81' lang='lat' dir='ltr'>probassem.</span> <span class='ocrx_word' id='word_1_101' title='bbox 670 1912 780 1996; x_wconf 85' lang='lat' dir='ltr'>Neque</span> <span class='ocrx_word' id='word_1_102' title='bbox 804 1913 886 1975; x_wconf 91' lang='lat' dir='ltr'>enim</span> <span class='ocrx_word' id='word_1_103' title='bbox 899 1915 941 1978; x_wconf 89' lang='lat' dir='ltr'>ita</span> 
     </span>
     <span class='ocr_line' id='line_1_17' title="bbox 152 2015 940 2103; baseline 0.003 -21"><span class='ocrx_word' id='word_1_104' title='bbox 152 2019 454 2097; x_wconf 58' lang='lat' dir='ltr'>defendebantur,‹ut</span> <span class='ocrx_word' id='word_1_105' title='bbox 476 2030 629 2103; x_wconf 85' lang='lat' dir='ltr'>negarent,</span> <span class='ocrx_word' id='word_1_106' title='bbox 652 2015 700 2082; x_wconf 84' lang='lat' dir='ltr'>sed</span> <span class='ocrx_word' id='word_1_107' title='bbox 729 2030 762 2081; x_wconf 94' lang='lat' dir='ltr'>ut</span> <span class='ocrx_word' id='word_1_108' title='bbox 784 2018 940 2084; x_wconf 81' lang='lat' dir='ltr'>necessitati</span> 
     </span>
     <span class='ocr_line' id='line_1_18' title="bbox 151 2122 939 2209; baseline -0.001 -20"><span class='ocrx_word' id='word_1_109' title='bbox 151 2127 273 2208; x_wconf 83' lang='lat' dir='ltr'>veniam</span> <span class='ocrx_word' id='word_1_110' title='bbox 287 2125 485 2209; x_wconf 84' lang='lat' dir='ltr'>precarentur.</span> <span class='ocrx_word' id='word_1_111' title='bbox 517 2123 586 2189; x_wconf 87' lang='lat' dir='ltr'>Esse</span> <span class='ocrx_word' id='word_1_112' title='bbox 596 2124 678 2187; x_wconf 86' lang='lat' dir='ltr'>enim</span> <span class='ocrx_word' id='word_1_113' title='bbox 691 2122 720 2186; x_wconf 91' lang='lat' dir='ltr'>se</span> <span class='ocrx_word' id='word_1_114' title='bbox 733 2124 939 2208; x_wconf 77' lang='lat' dir='ltr'>provinciales,</span> 
     </span>
     <span class='ocr_line' id='line_1_19' title="bbox 152 2227 937 2313; baseline -0.005 -17"><span class='ocrx_word' id='word_1_115' title='bbox 152 2234 234 2296; x_wconf 87' lang='lat' dir='ltr'>&amp;ad</span> <span class='ocrx_word' id='word_1_116' title='bbox 249 2252 340 2295; x_wconf 90' lang='lat' dir='ltr'>omne</span> <span class='ocrx_word' id='word_1_117' title='bbox 351 2228 565 2294; x_wconf 91' lang='lat' dir='ltr'>Proconsulum</span> <span class='ocrx_word' id='word_1_118' title='bbox 580 2230 740 2313; x_wconf 87' lang='lat' dir='ltr'>imperium</span> <span class='ocrx_word' id='word_1_119' title='bbox 755 2227 937 2312; x_wconf 74' lang='lat' dir='ltr'>metu‘cogi.</span> 
     </span>
     <span class='ocr_line' id='line_1_20' title="bbox 152 2333 939 2418; baseline -0.005 -17"><span class='ocrx_word' id='word_1_120' title='bbox 152 2339 235 2402; x_wconf 89' lang='lat' dir='ltr'>Solet</span> <span class='ocrx_word' id='word_1_121' title='bbox 248 2339 345 2400; x_wconf 90' lang='lat' dir='ltr'>dicere</span> <span class='ocrx_word' id='word_1_122' title='bbox 360 2336 507 2401; x_wconf 88' lang='lat' dir='ltr'>Claudius</span> <span class='ocrx_word' id='word_1_123' title='bbox 522 2334 698 2412; x_wconf 85' lang='lat' dir='ltr'>Restitutus,</span> <span class='ocrx_word' id='word_1_124' title='bbox 723 2334 775 2418; x_wconf 92' lang='lat' dir='ltr'>qui</span> <span class='ocrx_word' id='word_1_125' title='bbox 794 2335 870 2398; x_wconf 92' lang='lat' dir='ltr'>mihi</span> <span class='ocrx_word' id='word_1_126' title='bbox 892 2333 939 2397; x_wconf 81' lang='lat' dir='ltr'>re-</span> 
     </span>
     <span class='ocr_line' id='line_1_21' title="bbox 152 2441 939 2527; baseline -0.001 -22"><span class='ocrx_word' id='word_1_127' title='bbox 152 2443 279 2527; x_wconf 87' lang='lat' dir='ltr'>spondit,</span> <span class='ocrx_word' id='word_1_128' title='bbox 300 2442 347 2504; x_wconf 91' lang='lat' dir='ltr'>vir</span> <span class='ocrx_word' id='word_1_129' title='bbox 368 2441 544 2504; x_wconf 83' lang='lat' dir='ltr'>exercitatus</span> <span class='ocrx_word' id='word_1_130' title='bbox 565 2441 597 2504; x_wconf 73' lang='grc' dir='ltr'>δε</span> <span class='ocrx_word' id='word_1_131' title='bbox 621 2441 759 2523; x_wconf 80' lang='lat' dir='ltr'>vigilans,</span> <span class='ocrx_word' id='word_1_132' title='bbox 781 2441 813 2506; x_wconf 71' lang='lat' dir='ltr'>bt</span> <span class='ocrx_word' id='word_1_133' title='bbox 832 2460 939 2525; x_wconf 87' lang='lat' dir='ltr'>quam-</span> 
     </span>
     <span class='ocr_line' id='line_1_22' title="bbox 152 2546 940 2629; baseline 0 -19"><span class='ocrx_word' id='word_1_134' title='bbox 152 2549 226 2611; x_wconf 91' lang='lat' dir='ltr'>libet</span> <span class='ocrx_word' id='word_1_135' title='bbox 257 2547 360 2611; x_wconf 90' lang='lat' dir='ltr'>subitis</span> <span class='ocrx_word' id='word_1_136' title='bbox 387 2547 519 2629; x_wconf 85' lang='lat' dir='ltr'>params,</span> <span class='ocrx_word' id='word_1_137' title='bbox 550 2565 706 2629; x_wconf 90' lang='lat' dir='ltr'>nunquam</span> <span class='ocrx_word' id='word_1_138' title='bbox 733 2546 787 2610; x_wconf 87' lang='lat' dir='ltr'>fibi</span> <span class='ocrx_word' id='word_1_139' title='bbox 821 2558 940 2610; x_wconf 85' lang='lat' dir='ltr'>tantum</span> 
     </span>
     <span class='ocr_line' id='line_1_23' title="bbox 150 2647 940 2736; baseline -0.003 -20"><span class='ocrx_word' id='word_1_140' title='bbox 150 2653 298 2736; x_wconf 85' lang='lat' dir='ltr'>caliginis,</span> <span class='ocrx_word' id='word_1_141' title='bbox 321 2664 439 2724; x_wconf 86' lang='lat' dir='ltr'>tantum</span> <span class='ocrx_word' id='word_1_142' title='bbox 451 2650 678 2735; x_wconf 83' lang='lat' dir='ltr'>perturbationis</span> <span class='ocrx_word' id='word_1_143' title='bbox 691 2647 833 2729; x_wconf 86' lang='lat' dir='ltr'>offusum,</span> <span class='ocrx_word' id='word_1_144' title='bbox 848 2670 940 2735; x_wconf 85' lang='lat' dir='ltr'>quam</span> 
     </span>
     <span class='ocr_line' id='line_1_24' title="bbox 152 2752 940 2842; baseline -0.006 -20"><span class='ocrx_word' id='word_1_145' title='bbox 152 2779 223 2822; x_wconf 89' lang='lat' dir='ltr'>curn</span> <span class='ocrx_word' id='word_1_146' title='bbox 236 2779 272 2820; x_wconf 88' lang='lat' dir='ltr'>ea</span> <span class='ocrx_word' id='word_1_147' title='bbox 285 2769 430 2842; x_wconf 84' lang='lat' dir='ltr'>praerepta</span> <span class='ocrx_word' id='word_1_148' title='bbox 452 2757 483 2821; x_wconf 72' lang='grc' dir='ltr'><strong>ἃ</strong></span> <span class='ocrx_word' id='word_1_149' title='bbox 496 2755 612 2820; x_wconf 77' lang='lat' dir='ltr'>extorta</span> <span class='ocrx_word' id='word_1_150' title='bbox 629 2752 790 2821; x_wconf 77' lang='lat' dir='ltr'>defensioni</span> <span class='ocrx_word' id='word_1_151' title='bbox 803 2753 863 2819; x_wconf 66' lang='lat' dir='ltr'>suaes</span> <span class='ocrx_word' id='word_1_152' title='bbox 876 2765 940 2818; x_wconf 81' lang='lat' dir='ltr'>cer-</span> 
     </span>
     <span class='ocr_line' id='line_1_25' title="bbox 150 2853 957 2946; baseline -0.007 -19"><span class='ocrx_word' id='word_1_153' title='bbox 150 2853 248 2939; x_wconf 82' lang='lat' dir='ltr'>neret,</span> <span class='ocrx_word' id='word_1_154' title='bbox 263 2867 265 2873; x_wconf 87' lang='grc'><strong>’</strong></span> <span class='ocrx_word' id='word_1_155' title='bbox 279 2864 311 2925; x_wconf 88' lang='lat' dir='ltr'>in</span> <span class='ocrx_word' id='word_1_156' title='bbox 338 2862 447 2946; x_wconf 79' lang='lat' dir='ltr'>quibus</span> <span class='ocrx_word' id='word_1_157' title='bbox 461 2861 584 2926; x_wconf 88' lang='lat' dir='ltr'>omnem</span> <span class='ocrx_word' id='word_1_158' title='bbox 604 2857 748 2926; x_wconf 73' lang='lat' dir='ltr'>&#39;fiduciam</span> <span class='ocrx_word' id='word_1_159' title='bbox 767 2862 937 2945; x_wconf 88' lang='lat' dir='ltr'>reponebat.</span> <span class='ocrx_word' id='word_1_160' title='bbox 953 2857 957 2862; x_wconf 77' lang='grc'><strong>’</strong></span> 
     </span>
     <span class='ocr_line' id='line_1_26' title="bbox 149 2961 941 3054; baseline -0.003 -22"><span class='ocrx_word' id='word_1_161' title='bbox 149 2965 279 3036; x_wconf 89' lang='lat' dir='ltr'>Confilii</span> <span class='ocrx_word' id='word_1_162' title='bbox 300 2967 390 3032; x_wconf 85' lang='lat' dir='ltr'>nostri</span> <span class='ocrx_word' id='word_1_163' title='bbox 407 2968 506 3038; x_wconf 83' lang='lat' dir='ltr'>exitus</span> <span class='ocrx_word' id='word_1_164' title='bbox 523 2964 601 3054; x_wconf 66' lang='lat' dir='ltr'>suite</span> <span class='ocrx_word' id='word_1_165' title='bbox 621 2969 701 3033; x_wconf 89' lang='lat' dir='ltr'>bona</span> <span class='ocrx_word' id='word_1_166' title='bbox 720 2961 860 3046; x_wconf 71' lang='lat' dir='ltr'>Classici,</span> <span class='ocrx_word' id='word_1_167' title='bbox 872 2986 941 3053; x_wconf 84' lang='lat' dir='ltr'>quae</span> 
     </span>
    </p>
   </div>
   <div class='ocr_carea' id='block_1_3' title="bbox 0 0 1164 3767">
    <p class='ocr_par' dir='ltr' id='par_1_3' title="bbox 0 0 1164 3767">
     <span class='ocr_line' id='line_1_27' title="bbox 0 0 1164 3767; baseline 0 0"><span class='ocrx_word' id='word_1_168' title='bbox 0 0 1164 3767; x_wconf 95' lang='lat' dir='ltr'> </span> 
     </span>
    </p>
   </div>
  </div>
 </body>
</html>
