2317 3767
311 270 314 275 ¹
388 235 670 314 'ararum
862 258 921 321 411

277 532 310 573 X·
349 529 383 574 C·
406 531 551 576 PLINIUS
573 529 631 573 Tu.
655 528 735 574 tur.
758 529 787 572 S.

148 673 353 786 Servatus
384 721 504 784 Pudens
532 723 643 803 legatus
674 718 809 784 Domine
837 738 923 782 v111.

138 825 210 890 Cal.
226 827 374 890 Decemb.
387 827 601 911 Nicomediam
612 826 705 899 venit,
715 845 822 908 meque
830 823 927 905 longae

137 931 349 1014 expediationis
365 928 547 992 solicitudine
562 930 708 992 liberavit.
728 984 730 987 .

155 1144 159 1149 '
266 1158 321 1201 xr.
359 1159 798 1202 monumentorum&
873 1141 875 1145 ’

141 1276 365 1389 Rosmuuu
390 1327 571 1411 Geminum,
595 1327 741 1401 Domine,
763 1327 923 1391 ardiffimo

137 1431 258 1493 vinculo
282 1452 403 1495 mecum
421 1446 472 1501 tna
486 1435 517 1495 in
532 1454 581 1495 me
595 1431 736 1495 beneficia
746 1431 921 1515 junxerunt.

136 1533 242 1597 Habui
255 1538 336 1598 enim
350 1539 436 1600 illurn
451 1537 624 1621 quaestorem
639 1537 670 1599 in
684 1535 847 1611 consulatu,
863 1537 923 1598 mei

136 1637 252 1701 summe
262 1640 545 1704 observantissimum
556 1654 714 1725 expertus:
736 1652 851 1702 tantam
864 1641 922 1702 mi-

136 1744 168 1805 hi
183 1743 245 1826 post
258 1744 442 1808 consulatum
453 1748 646 1809 reverentiam
660 1745 787 1828 praestat,
800 1758 834 1807 ut
846 1746 922 1828 pub-

135 1850 202 1912 licae
229 1849 443 1914 necessitudinis
472 1852 605 1933 pignora,
641 1851 763 1932 privatis
790 1849 921 1912 cumulet

134 1954 251 2018 officiis.
296 1955 384 2038 Rogo
405 1977 475 2038 ergo
497 1968 530 2016 ut
552 1956 603 2038 ipsi
623 1957 701 2037 apud
716 1968 745 2015 te
758 1976 811 2037 pro
824 1954 921 2037 digni-

134 2074 192 2122 tate
207 2061 283 2146 ejus,
306 2062 441 2143 precibus
456 2057 668 2123 meis⁴faveas2
692 2060 751 2135 cui,
772 2061 803 2121 δι
828 2057 920 2142 siquid

135 2166 240 2240 credis,
274 2166 488 2249 indulgentiam
514 2179 598 2227 tua'm
626 2165 722 2240 dabis,
755 2165 837 2227 dabit
862 2163 921 2247 ipse

134 2289 266 2350 operam,
288 2283 321 2332 ut
340 2271 371 2332 in
390 2271 437 2333 his
457 2292 525 2353 quae
543 2271 570 2332 ei
587 2271 785 2345 mandaveris,
808 2270 922 2355 majora

134 2388 290 2436 mereatur.
335 2374 503 2436 Parciorem
528 2395 578 2436 me
607 2375 638 2436 in
662 2376 811 2436 laudando
835 2370 918 2449 facit,

132 2479 211 2559 quod
225 2476 308 2558 spero
327 2480 381 2540 tibi
395 2480 425 2542 &
440 2479 638 2559 integritatem
648 2479 723 2562 ejus,
746 2479 776 2541 &
790 2480 921 2561 probita-

136 2592 209 2656 tem,
232 2583 262 2643 &
284 2581 454 2644 industriam
474 2591 535 2645 non
557 2581 653 2645 solum
667 2606 705 2645 ex
719 2583 782 2666 ejus
797 2580 919 2644 honori-

135 2688 202 2761 bus,
223 2706 298 2768 quos
312 2687 343 2747 in
362 2689 434 2748 urbe
444 2685 497 2750 sub
510 2687 604 2750 oculis
616 2689 675 2749 tuis
702 2685 794 2770 geffit,
815 2707 920 2747 verum

132 2791 222 2853 etiam
248 2812 285 2852 ex
309 2791 485 2853 commilitio
520 2791 576 2853 effe
599 2791 789 2854 notiffimam.
837 2773 944 2854 Illud'

132 2918 238 2971 unum,
272 2899 352 2980 quod
378 2910 495 2980 propter
516 2897 669 2961 caritatem
690 2897 753 2981 ejus
783 2898 918 2960 nondum
