2317 3767
214 263 275 353 138
362 282 395 330 c.
426 280 541 330 rum.
567 278 832 331 tereretur.

211 439 281 491 ame
305 439 347 501 te,
371 424 469 510 qualis
493 423 556 509 post
579 437 622 502 te,
656 426 812 490 vixunus
839 438 900 489 aut*
918 427 1003 490 alter.

203 530 300 616 (Non
314 527 382 593 iinit
394 530 636 594 me'vereeundia
655 542 707 594 tua
721 530 829 607 dicere,
838 529 938 614 qualis
950 552 1006 594 ne·

209 632 296 715 mot)
318 637 399 720 quod
421 634 585 713 sandiitate,
608 637 690 721 quod
709 636 896 714 annositate,
919 650 1007 700 aetate

81 730 84 736 ¹
210 756 340 825 quoque
353 742 489 825 princeps
513 742 653 818 civitatis,
676 742 718 804 est
738 743 861 825 quidem
881 765 1006 807 venera-

210 846 317 911 bile&
331 847 504 931 pulchrum,
527 868 583 930 ego
606 858 708 910 tamen
730 860 761 909 te
784 849 833 910 vel
855 849 951 931 magis
973 848 1005 912 in

210 949 421 1016 remiffioribus
443 953 547 1016 miror.
592 953 680 1017 Nam
705 952 890 1016 severitatem
919 953 1005 1016 istam

210 1059 274 1145 pari
290 1057 478 1143 jucunditate
499 1059 631 1135 condire5
656 1057 852 1143 summoeque·
869 1057 1006 1142 gravitati

210 1177 330 1227 tantum
355 1161 504 1228 comitetis
524 1162 696 1249 adjungere,
722 1184 785 1228 non
807 1164 910 1228 minus
925 1162 1005 1228 diffi-

210 1269 279 1346 cile,
299 1288 393 1353 quam
408 1290 552 1353 magnum
566 1271 626 1332 est:
650 1271 680 1333 id
703 1283 737 1334 tu
755 1289 827 1334 cum
840 1271 1007 1336 incredibili

211 1377 341 1459 quadam
357 1375 498 1440 suavitate
508 1374 692 1452 sermonum,
716 1387 783 1440 tum
798 1378 847 1440 vel
859 1377 1006 1461 praecipue

210 1480 276 1545 stilo
286 1480 454 1566 assequeris.
499 1481 587 1545 Nam
597 1483 632 1546 ἃ
645 1483 779 1566 loquenti
798 1483 855 1546 tibi
866 1483 919 1546 illa
934 1480 1005 1546 Ho-

211 1589 316 1651 merici
339 1586 415 1649 senis
444 1588 535 1649 mella
560 1588 719 1669 profluere,
750 1589 781 1651 &
804 1594 877 1672 'quae
905 1586 1006 1652 scribis

212 1694 361 1777 complere
387 1707 457 1775 apes
471 1692 607 1770 floribus,
633 1694 665 1757 dr
679 1694 828 1756 inmune
853 1692 1004 1758 videntur.

213 1796 264 1862 Ita
287 1809 366 1860 certe
392 1796 458 1861 sum
477 1795 607 1862 refeuus
629 1798 689 1882 ipse
712 1818 783 1862 cum
806 1798 919 1864 Graeca
941 1801 1007 1884 epi÷

211 1915 381 1986 grammata
394 1916 457 1981 tua,
480 1925 552 1968 cum
577 1905 694 1968 iambos
713 1905 849 1987 proxime
863 1905 1003 1987 legerem.

213 2006 376 2093 Quantum
398 2010 440 2073 ibi
453 2010 664 2087 humanitatis,
687 2008 858 2073 venustatis.
903 2011 1008 2097 Quam

211 2115 314 2177 dulcia
327 2114 400 2178 illa!
424 2128 574 2200 quantum
589 2116 741 2181 amantia?
758 2136 851 2201 quam
865 2115 1005 2201 antiqua!
1042 2157 1045 2162 <

213 2240 307 2305 quam
322 2219 443 2304 arguta!
465 2242 559 2305 quam
580 2220 678 2285 rena!
704 2220 929 2286 Callimachum
944 2243 1005 2299 me,

217 2326 266 2388 vel
280 2324 449 2403 Herodem,
474 2326 525 2390 ‘vel
549 2325 666 2410 siquid
691 2327 739 2389 his
761 2328 882 2404 melius,
909 2340 1009 2391 tenere

216 2433 383 2495 credebam.
429 2430 572 2517 Qiorum
595 2445 698 2494 tamen
720 2444 824 2496 neuter
849 2450 1009 2517 utrumque

216 2549 269 2600 aut
289 2535 415 2600 absolvit
436 2550 490 2601 aut
507 2535 615 2621 attigit.
660 2536 867 2602 Hominemne
884 2539 1009 2604 *Roma-

138 2669 139 2672 *
217 2661 292 2709 num
317 2655 381 2707 tam
406 2642 516 2708 Graece
541 2644 647 2728 loqui?
679 2643 756 2709 Non
781 2647 898 2711 medius
920 2646 1009 2709 fidius

216 2748 291 2835 ipsas
323 2749 461 2814 Athenas
488 2761 552 2812 tam
580 2749 697 2814 Atticus
729 2751 868 2814 dixerim.
922 2753 1008 2839 Qrid

218 2857 335 2920 multa?
359 2853 479 2919 invideo
500 2854 631 2932 Graecie‚
658 2858 739 2948 quod
763 2856 887 2921 illorum
907 2859 1010 2943 lingua

215 2958 342 3027 scribere
356 2960 504 3027 maluistie
527 2979 625 3047 neque
644 2963 730 3026 enim
748 2962 918 3048 uonjedrura
931 2980 1009 3050 eget,
