2317 3767
402 288 670 336 LIBER'X·

209 563 212 567 '
254 557 335 628 LVI·
371 556 404 601 C·
435 555 577 600 PLINIUS
601 555 660 600 Tit.
687 553 766 600 lMP.
796 553 826 596 S.

147 700 258 813 Cute
285 749 394 811 vellem
423 746 567 831 Apameae
598 747 732 812 Domine
760 743 931 829 cognoscere

145 854 279 935 publicos
300 853 459 929 debitores,
489 854 520 916 ἃ
547 854 688 929 reditum,
714 854 745 916 δι
769 851 931 935 impendia,

145 955 314 1040 responsum
330 957 369 1020 est
393 960 480 1034 rnihi,
501 981 607 1042 cupere
626 959 747 1043 quidem
770 956 930 1034 universos,

147 1075 181 1124 ut
195 1065 212 1125 ῖι
226 1083 276 1124 rne
290 1064 417 1125 rationes
433 1062 571 1134 Coloniae
585 1066 761 1146 legerentur,
777 1083 934 1146 nunquanr

147 1181 248 1230 tamen
262 1167 319 1230 effe
333 1168 424 1230 lecias
438 1171 476 1230 ab
491 1169 552 1231 ullo
566 1167 787 1252 proconsulum,
802 1166 934 1229 habuiffe

146 1274 347 1358 privilegium,
370 1275 400 1338 ἃ
422 1273 644 1336 vetustiffimum
663 1294 790 1350 morem,
814 1272 935 1336 arbitrio

116 1427 119 1435 ,
146 1378 198 1441 suo
212 1379 321 1462 Remp.
340 1378 552 1443 administrare.
597 1380 703 1462 Exegi,
727 1393 760 1442 ut
774 1401 842 1462 quae
854 1379 934 1441 dice·

147 1486 232 1561 bant,
253 1502 377 1568 quaeque
392 1486 562 1562 recitabant,
586 1487 688 1550 libello
701 1485 933 1569 complecieren-

148 1600 207 1665 tur,
222 1610 311 1672 quern
323 1591 390 1666 tibi,
405 1574 527 1675 qualern¹
533 1612 714 1675 acceperam,
730 1591 812 1654 misr:
827 1610 934 1674 quarn-

150 1694 196 1756 vis
210 1695 417 1777 intelligerem,
443 1697 580 1780 pleraque
595 1717 633 1758 ex
647 1697 698 1759 illo
718 1698 755 1759 ad
778 1698 809 1760 id
823 1697 861 1758 de
874 1698 940 1779 quo*

149 1799 301 1883 quaeritur,
333 1821 394 1862 non
419 1802 574 1884 pertinere.
625 1800 677 1865 Te
700 1823 771 1885 rogo
800 1814 834 1865 ut
859 1802 935 1864 milri
982 1867 985 1871 ,

149 1905 304 1987 praecipere
328 1907 470 1987 digneris,
499 1908 571 1990 quid
600 1927 649 1969 me
674 1921 759 1990 putes
783 1904 937 1969 observare

150 2009 267 2071 debere.
313 2010 425 2074 Vereor
449 2012 531 2073 enim
562 2033 601 2075 ne
625 2026 677 2075 aut
702 2011 856 2089 exceffille,
885 2024 936 2075 aut

151 2135 212 2177 non
228 2115 358 2198 implelle
373 2110 463 2180 officii
477 2118 537 2180 mei
551 2130 648 2202 partes
661 2119 771 2181 videar.

349 2348 451 2394 LVII.
469 2352 544 2395 Π.
564 2348 687 2394 PLINIO
713 2353 741 2395 8.
828 2406 831 2417 ἱ

155 2495 356 2605 Liberius
379 2537 596 2626 Apameorum,
624 2542 860 2628 quemepiliolae
877 2557 938 2607 tuae

147 2646 303 2731 junxeras,
325 2646 434 2711 remisit
449 2648 524 2710 milri
535 2648 731 2712 neceffitatem
742 2649 939 2732 perpendendi

152 2754 252 2837 qualia
271 2753 372 2829 client,
401 2766 519 2837 propter
540 2776 609 2838 quae
630 2755 723 2816 videri
745 2754 863 2829 volunt,
888 2774 939 2816 eos

152 2857 204 2941 qui
215 2857 435 2941 proconsulibus
449 2860 525 2922 hanc
539 2860 722 2942 provinciam
733 2859 937 2935 obtinuerunt,

152 2962 318 3029 abstinuill‘e
332 2962 538 3049 inspectatione
552 2965 702 3028 rationum
716 2964 847 3043 suarum,
868 2985 938 3029 curn
