2317 3767
219 299 282 371 340
381 296 842 355 c.ru1u.sr1s‘ronn'u.

220 428 367 522 censebat,
397 465 523 509 numero
547 450 733 529 praevaleret.
777 448 900 512 Etenim
923 450 1013 534 longe

218 552 317 634 plures
339 552 370 614 ln
395 552 453 613 hac
476 568 548 628 una,
570 573 663 636 quarn
687 553 720 615 in
742 555 865 617 duabus
879 554 1011 638 ‘fingulis

218 670 310 719 eraut.
343 654 445 720 Tum
466 656 510 719 illi
524 677 654 740 quoque,
682 658 734 741 qui
757 660 931 723 austoritate
945 661 1012 745 ejus

217 762 421 838 trahebantur,
450 760 617 825 transeunte
642 763 694 826 illo
716 763 855 851 destituti,
882 746 1011 850 relique*-

217 879 287 929 runt
299 864 473 929 sententiam
487 868 525 929 ab
541 865 603 950 ipso
617 867 737 931 aunon
751 868 907 946 desertam,
926 870 1009 934 secu·

215 971 298 1054 tique
320 970 387 1035 sunt
407 971 487 1054 quasi
508 969 705 1055 transfugam,
729 994 821 1055 quem
836 978 944 1037 ducem
962 974 1007 1052 se·

216 1078 393 1160 quebantu'r.
438 1075 487 1139 Sic
500 1098 538 1138 ex
551 1077 646 1140 tribus
660 1077 810 1141 sententiis
825 1081 893 1142 duae
906 1076 1006 1155 faslae,

217 1183 369 1267 tenuitque
383 1202 421 1244 ex
434 1183 559 1247 duabus
566 1183 670 1258 altera,
690 1183 778 1245 tertia
788 1182 930 1267 expulsa:-
926 1198 1009 1265 quae

214 1308 287 1349 cum
301 1287 408 1350 ambas
419 1285 558 1368 superare
567 1300 629 1349 non
643 1285 747 1369 posset,
765 1289 870 1371 elegit
880 1291 918 1351 ab
940 1299 1006 1351 utra

191 1393 392 1456 uinceretur.
437 1391 527 1456 Vale
614 1415 616 1419 ·

299 1619 363 1670 XV·
395 1622 430 1668 C·
448 1622 595 1669 PLINIUS
619 1623 769 1675 JUNIORI
795 1622 862 1668 SUO
887 1624 916 1671 S,
988 1624 1003 1652 '—

213 1764 421 1880 Ouunnvr
435 1812 474 1879 ,te
492 1829 537 1879 tot
558 1814 766 1899 paritermillis
788 1815 1003 1893 voluminibus,

214 1919 263 1983 sed
288 1922 421 1998 oneravi,
449 1921 593 2004 primum,
615 1923 689 2006 ¹quia
699 1940 870 2006 exegerasa
888 1920 1004 1994 deinde,

213 2025 285 2109 quia
295 2025 443 2110 scripseras
456 2040 519 2090 tam
537 2027 661 2109 graciles
675 2027 737 2090 istic
748 2026 921 2089 vindemias·
935 2023 1004 2100 effe,

216 2143 251 2192 ut
263 2130 351 2213 plane·
363 2129 467 2193 scirem
486 2132 541 2194 tibi
557 2144 729 2197 vacaturum
740 2130 833 2215 (quud
846 2132 937 2213 vulgo
955 2130 1005 2191 cli*-

213 2231 303 2313 citur)
321 2236 433 2299 librum
452 2237 559 2321 legere.
604 2235 720 2300 Eadem
740 2254 781 2299 ex
795 2236 888 2298 ¹n'reis‘
902 2234 1005 2316 agulfls

215 2341 406 2407 nunciantur.
429 2388 431 2392 -
453 2340 550 2424 Igitur
575 2342 651 2404 mlhi
671 2360 802 2425 quoque»
815 2339 1003 2415 lieubitlsen'·¹

214 2449 295 2523 bere,
321 2468 390 2530 quae
414 2447 506 2530 legas,
524 2447 559 2509 fit
587 2448 678 2510 modo
699 2445 779 2509 unde
806 2446 918 2509 charte
939 2445 1006 2506 'emi

214 2551 337 2636 polline·
365 2572 434 2636 quae
450 2552 471 2615 fi
485 2551 594 2616 scabrae
607 2553 771 2616 bibulaeve
780 2550 850 2627 fint,
873 2561 934 2612 aut·
940 2569 1005 2612 nun

214 2657 415 2735 scribendum,
424 2670 476 2721 aut
489 2657 645 2722 necessario
655 2657 795 2741 quicquid
808 2653 1005 2767 seripserinsua

214 2765 298 2828 boni
305 2765 427 2842 malive,
432 2764 618 2897 delebimus.
665 2762 758 2825 Vale..
843 2806 846 2812 -
896 2802 898 2815 .
957 2780 998 2817 ῑῑπ
