2317 3767
393 281 660 330 eruunt.
778 277 782 284 '
881 283 923 350 n

188 552 270 598 XIV·
305 551 339 598 C·
369 553 517 598 PLINIUS
543 553 654 606 Junro
686 554 862 602 unuulco

463 659 530 705 SUO
558 660 587 703 8.

127 802 268 926 parm,
280 863 314 913 ut
324 848 424 914 fratris
435 852 480 914 tui
490 850 561 913 siliae
572 850 747 935 prospiciam
762 852 915 928 maritum,

124 956 206 1037 quod
232 956 341 1019 merito
363 958 439 1019 mihi
460 955 643 1040 potissimum
668 958 809 1042 injungis.
853 957 916 1022 Scis

123 1061 207 1122 enirn
224 1074 406 1145 quantopere
416 1060 568 1125 summum
581 1063 669 1126 illurn
683 1064 783 1126 virum
797 1062 915 1148 suspex-

123 1168 200 1229 erim
223 1168 457 1251 dilexerimque:
480 1169 590 1253 quibus
614 1170 664 1231 ille
688 1169 915 1233 adolescentiam

123 1292 226 1334 rneam
251 1272 507 1337 exhortationibus
535 1272 656 1350 foverit,
688 1276 798 1358 quibus
822 1274 914 1350 etiam

122 1380 265 1442 laudibus
274 1391 310 1440 ut
323 1379 488 1443 laudandus
501 1381 630 1455 viderer,
650 1376 791 1442 effecerit.
823 1378 918 1444 Nihil·

122 1483 174 1560 esi,
190 1485 272 1568 quod
285 1481 304 1547 ὲ
319 1497 348 1546 te
360 1486 494 1548 mandari
504 1486 582 1549 milri
593 1497 647 1548 aut
660 1484 759 1568 majus
776 1496 828 1547 aut
844 1504 914 1568 gra·

123 1589 195 1664 tius,
218 1588 294 1651 nihil
313 1591 394 1673 quod
415 1589 565 1654 honestius
586 1589 604 1654 ὲ
623 1611 673 1653 me
694 1587 797 1676 suscipi
815 1589 912 1676 possit,

14 1713 16 1716 ·
123 1715 219 1778 quarn
229 1706 263 1757 ut
280 1696 390 1779 eligam
404 1695 560 1781 juvenem,
576 1717 614 1759 ex
625 1718 684 1781 qua
697 1695 776 1761 nasci
790 1708 914 1781 nepotes

123 1796 261 1863 Aruleno
271 1798 391 1864 Rustico
405 1803 516 1865 deceat.
551 1801 617 1886 Qui
631 1802 751 1887 quidem
762 1804 815 1867 diu
828 1825 914 1888 quac·

121 1906 231 1968 rendua
243 1902 352 1982 fuisset,
373 1905 425 1969 nisr
436 1908 597 1991 paratus&
610 1906 690 1993 quasr
700 1907 833 1991 provisus
843 1909 913 1974 esset
929 1927 931 1930 ·

122 2011 279 2075 Minutiuo
290 2009 459 2090 Acilianus,
485 2014 538 2096 qui
552 2034 613 2088 me,
640 2026 674 2076 ut
690 2013 811 2098 juvenis
821 2014 911 2098 juve·

119 2137 192 2180 nem
214 2116 269 2202 (eil
289 2118 371 2180 enirn
385 2119 485 2181 minor
504 2120 643 2202 pauculis
661 2116 760 2198 annis)
780 2116 912 2184 familia
939 2116 943 2124 ’

120 2221 229 2286 riffirne
251 2222 358 2306 diligit,
381 2236 531 2288 reveretur
550 2238 585 2288 ut
604 2223 714 2290 senem.
758 2225 845 2291 Nam
870 2228 912 2290 ita
943 2243 946 2250 ¹

119 2326 204 2393 ime
217 2324 343 2392 formari
360 2328 521 2394 &institui
543 2331 637 2414 cupit,
659 2343 692 2394 ut
710 2351 767 2415 ogo
785 2330 803 2395 a
824 2332 916 2396 vobis*

121 2431 264 2496 solebam.
308 2432 409 2498 Patria
429 2434 470 2502 est
488 2436 516 2498 ei
540 2435 653 2512 Brixia,
681 2457 719 2501 ex
741 2438 794 2501 illa
815 2437 915 2502 nostra
942 2456 946 2460 ·

122 2535 224 2617 Italia,
246 2560 315 2622 quae
332 2541 464 2604 multum
478 2542 576 2603 adhuc
590 2542 787 2619 verocundiae,
809 2540 912 2628 fruga-

120 2643 225 2722 litatis,
244 2657 333 2732 atque
357 2647 449 2709 etiarn
470 2647 638 2710 rusticitatis
660 2650 790 2734 antiquar
805 2649 913 2712 retinet

118 2770 154 2812 ac
167 2749 275 2814 servat.
312 2750 401 2815 Pater
416 2752 574 2816 Municius
586 2751 755 2830 Macrinus,
772 2751 912 2838 equestria

118 2835 233 2920 ordinis
264 2859 412 2941 princeps,
435 2858 506 2942 quia
529 2858 605 2921 nihil
626 2859 715 2922 altius
734 2858 842 2932 voluit,
865 2857 910 2919 al·

117 2962 213 3030 lofilus
233 2960 253 3026 i
274 2962 360 3031 Divo
376 2961 553 3047 Vespasrano
576 2963 654 3028 inter
667 2960 831 3050 praetorios,
853 2962 909 3029 ho·
