2317 3767
226 245 291 318 430
388 248 423 296 c.
449 249 562 321 reru.
589 248 848 295 rrrsrornr.

226 403 260 454 ut
276 389 387 474 publici
401 387 473 453 servi
489 407 588 453 annua
601 392 758 474 accipiunt,
774 392 855 475 quod
869 411 923 473 ego
942 413 1018 454 cum

226 494 380 571 audissem,
395 496 448 558 diu
468 497 656 579 multumque
670 496 814 572 haesrtavi,
834 495 906 578 qtu'd
916 493 1018 559 facere

226 601 377 662 deberem.
420 597 507 662 Nam
521 602 551 664 de
568 602 688 663 reddere
702 622 801 683 poenae
814 600 876 684 post
889 603 1018 683 longum

226 718 343 788 tempus
354 704 505 789 plerosque
519 706 585 790 jam
602 704 695 782 senes,
712 707 743 769 ἃ
764 719 910 789 quantum
932 704 1017 771 affir-

151 866 154 871 .
225 823 324 875 matur
346 807 510 893 frugaliter,
539 811 893 894 modesteque'viventes,
921 812 1017 879 nimis

224 915 359 979 severum
383 916 557 990 arbitrabar,
573 918 603 979 &
626 917 656 977 in
679 917 804 998 publicis
823 914 927 978 officiis
942 916 1016 978 reti-

226 1043 296 1086 nere
310 1024 491 1097 damnatos,
504 1041 570 1088 non
583 1021 650 1084 latis
668 1021 824 1085 honestum
850 1023 991 1105 putabam
1005 1048 1014 1084 ε

225 1126 344 1191 eusdem
356 1125 454 1189 rursus
468 1124 485 1189 i
500 1127 665 1210 Republica
679 1127 755 1211 pasci
766 1125 884 1203 otiosoS‚
896 1128 1017 1203 inutile,

225 1254 287 1297 non
301 1232 377 1317 pasci
390 1233 480 1296 etiam
494 1230 690 1316 periculosum
704 1232 919 1294 existimabam.
944 1231 1018 1295 Ne·

224 1336 344 1426 cell'ario
356 1359 426 1421 ergo
439 1358 502 1399 rem
515 1347 622 1413 totam,
638 1339 712 1400 dum
730 1350 760 1399 te
781 1336 963 1400 consulerem
983 1339 1018 1400 in

226 1440 358 1526 suspenso
373 1442 490 1526 reliqui.
535 1441 662 1526 Qraeres
681 1439 797 1513 fortasse
818 1443 1019 1527 quemadmo-

228 1549 302 1609 dum
315 1548 457 1623 evenerit,
473 1560 506 1609 ut
519 1547 629 1630 poenis,
645 1547 677 1608 in
689 1568 761 1629 quas
775 1547 910 1609 damnati
919 1561 1019 1622 erant,

224 1653 449 1715 exolverentur:
470 1652 566 1734 &ego
580 1649 712 1734 quaesrvi,
728 1651 861 1714 sednihil
871 1654 1016 1735 comperi.

228 1755 321 1839 Qod
336 1754 482 1819 affirmare
497 1757 551 1819 tibi
567 1757 694 1840 polium,
718 1771 751 1819 ut
766 1758 891 1832 decreta,
906 1759 1019 1840 quibus

227 1861 360 1927 damnati
374 1875 469 1937 erant,
485 1858 728 1944 proferebantur:
756 1862 797 1923 ita
808 1863 891 1923 nulla
906 1883 1019 1925 monu-

226 1979 338 2041 menta,
353 1967 461 2050 quibus
475 1967 590 2029 liberati
605 1969 808 2049 probarentur.
853 1967 946 2030 Erant
971 1980 1019 2029 ta·

227 2090 296 2131 men
312 2070 363 2153 qui
375 2071 514 2149 dicerent,
535 2073 735 2154 deprecantes,
755 2072 836 2156 jullu
857 2072 1018 2155 proconsu-

226 2175 302 2250 lum,
333 2176 535 2257 legatorumve
555 2176 698 2239 dimillos.
734 2189 736 2192 ’
753 2177 892 2242 Addebat
910 2178 1016 2255 fidem,

225 2281 305 2364 quod
328 2279 468 2341 credibile
492 2292 566 2356 erat,
596 2283 716 2345 nemine
741 2284 798 2346 hoc
827 2281 930 2347 ausum
957 2283 1020 2346 fine

228 2384 358 2448 auclore.

229 2652 233 2658 .
320 2614 422 2663 -xL1.
482 2616 674 2668 TRAIANUS
703 2616 834 2662 PLlNIO
866 2619 894 2661 S.

226 2756 474 2875 Menturnis
494 2808 615 2884 idcirco,
636 2821 666 2870 te
680 2808 713 2870 in
735 2808 818 2871 istam
833 2810 1020 2892 provinciam

224 2912 357 2989 mittum,
378 2913 523 2998 quoniam
537 2915 634 2977 multa
658 2913 690 2976 in
703 2933 739 2976 ea
759 2917 944 2980 emendanda
964 2936 1019 2998 ap·
