2317 3767
212 285 273 354 292
372 287 846 337 c.PL1N.EP18TOLAR.

212 439 285 504 Hoc
307 437 403 524 ipsum
432 443 514 526 quod
540 461 596 506 nos
626 441 799 506 recitaturos
829 438 1007 522 cogitamus,

131 588 132 592 =
214 548 373 621 emendat:
399 549 479 630 quod
493 547 675 610 auditorium
690 547 886 630 ingredimur,
902 561 1007 604 emen-

214 652 283 714 dati
317 652 398 733 quod
420 652 579 733 pallemus,
603 650 811 727 horrescimus,
837 645 1009 729 circumspi-

213 756 322 831 cimus,
337 758 487 820 emendut.
531 756 661 819 Proinde
672 778 733 820 non
743 757 926 840 poenitetme
935 772 1009 814 con·v

213 857 375 923 suetudinis
413 883 500 938 meae,
530 883 622 945 quam
654 861 838 925 utilisfimam
862 858 1008 941 experior.

215 963 361 1049 Adeoque
375 987 437 1030 non
450 969 597 1030 deterreor
611 966 804 1030 sermunculis
815 964 948 1037 istorum,
976 972 1011 1025 ut

202 1061 296 1133 ¹ultro
307 1082 340 1133 te
355 1093 469 1155 rogem,
493 1072 636 1135 monstres
650 1072 775 1155 aliquid,
789 1073 870 1154 quod
884 1069 931 1130 his
956 1068 1009 1129 ad-

216 1177 298 1238 dam.
342 1176 433 1241 Nihil
444 1179 526 1240 enim
539 1199 620 1240 curae
630 1199 707 1241 meae
718 1176 788 1239 satis
802 1176 853 1239 est.
899 1173 1011 1255 Cogito

172 1311 180 1324 ·
217 1303 308 1366 quam
322 1282 356 1345 fit
370 1303 516 1366 magnum
530 1285 600 1346 dare
615 1282 726 1367 aliquid
741 1283 773 1343 in
788 1302 896 1343 manus
909 1279 1011 1342 homi·

218 1378 305 1465 num,
321 1409 376 1451 nec
389 1387 560 1471 persuadere
570 1389 646 1451 mihi
660 1386 788 1471 possum,
807 1408 869 1449 non
890 1387 920 1448 ἃ
940 1403 1011 1449 cum

218 1490 322 1556 multis
349 1494 380 1557 &
404 1492 478 1577 saepe
500 1493 702 1569 traciandum,
725 1493 806 1576 quod
833 1493 958 1576 placere,
980 1490 1012 1552 δι

218 1597 341 1682 semper,
356 1600 387 1661 δι
400 1598 542 1661 omnibus
553 1599 666 1682 cupias.
712 1597 801 1660 Vale.
1011 1598 1014 1603 “

272 1827 387 1873 xvm.
420 1827 453 1874 C·
479 1828 627 1873 PLINlUS
652 1826 902 1877 cnmmosuo
925 1827 955 1871 S.

222 1971 460 2083 Demuenns
490 2040 610 2082 mecum
636 2021 890 2104 quemadmodum
922 2038 1013 2103 pecu·

128 2173 131 2179 .
222 2124 284 2199 nia,
300 2144 392 2207 quam
411 2124 611 2208 municipibus
625 2125 729 2188 nostris
743 2126 775 2187 in
788 2125 911 2208 epulum
924 2125 1014 2187 obtu-

223 2229 292 2305 listi,
304 2228 366 2311 post
377 2240 533 2313 tequoque
542 2229 622 2293 salva
631 2230 675 2293 fit.
719 2229 852 2294 Honesta
867 2229 1015 2293 consulta·

223 2337 278 2410 tiu,
294 2355 356 2396 non
370 2336 507 2417 expedita
521 2333 673 2400 sententia.
716 2335 870 2399 Numeres
880 2335 1016 2418 Reipub-

224 2441 291 2502 lieae
320 2438 490 2503 summam?
526 2443 691 2504 verendum
716 2440 756 2502 est
785 2461 823 2503 ne
854 2441 1011 2502 dilabatur.

226 2545 292 2612 Des
306 2547 411 2629 agros?
440 2560 474 2610 ut
491 2547 602 2630 publici
624 2545 820 2628 negligentur.
864 2545 1013 2628 Equidem

226 2652 303 2715 nihil
318 2655 505 2716 commodius
516 2646 649 2728 invenio,¹
674 2672 765 2735 quam
779 2653 859 2733 quod
873 2649 931 2734 ipse
946 2648 1014 2715 seci.

227 2757 314 2824 Nam
326 2754 380 2842 pro
393 2758 562 2843 quingentis
572 2758 706 2820 millibus
717 2755 892 2833 nummsrm,
907 2778 975 2841 quae
985 2758 1017 2818 in

225 2865 369 2945 elimenta
382 2865 579 2947 ingenuorum
600 2863 856 2947 ingenuarumque
877 2849 1019 2946 prumisess

205 3018 213 3056 3
227 2989 305 3046 ram,
324 2990 431 3054 agrum
449 2989 488 3031 ex
501 2969 578 3032 meis
591 2970 678 3052 longe
691 2969 784 3052 pluris
798 2968 890 3032 asieri
900 2952 1020 3054 publicu
