2317 3767
198 439 241 507 C.
286 436 539 504 PLINII
594 434 914 502 CAECILII

369 643 702 688 'SECUNDI

162 810 936 894 EPISTOLARUM

310 1025 474 1071 LIBER
518 1023 793 1069 OCTAVUS.

218 1217 242 1260 1.
270 1215 303 1260 C.
331 1213 482 1261 PLINIUS
499 1213 684 1260 SECUNDUS
702 1214 878 1260 sermio

490 1321 558 1366 SUO
584 1322 612 1364 S.

150 1469 253 1578 ‘liure
269 1517 427 1579 commode
442 1513 580 1598 explicui,
593 1525 715 1595 excepto
725 1514 806 1597 quod
819 1512 943 1597 quidam

152 1640 190 1681 ex
212 1619 288 1683 meis
310 1618 463 1682 adversam
485 1619 689 1682 valetudinem
716 1616 944 1681 fervescentibus

151 1724 269 1790 aclibus
283 1736 504 1788 contraxerunt.
523 1723 687 1808 ‘Encolpus
701 1725 823 1809 quidem
837 1723 942 1800 lector,

14 1908 17 1912 .
151 1830 204 1892 ille
218 1828 291 1892 seria
305 1830 411 1908 nostra,
439 1831 490 1893 ille
506 1829 632 1905 deliciae,
659 1828 833 1913 exasperatis
847 1826 942 1894 fauci-

134 1939 207 2024 'bus
231 1938 353 2021 pulvere
377 1936 552 2020 sanguinem
577 1936 688 2020 rejecit.
740 1934 845 2020 Quam
863 1935 941 1999 triste
1066 1993 1068 1997 ,

148 2045 207 2109 hoc
221 2043 285 2127 ipsi,
301 2063 393 2127 quam
409 2043 550 2104 acerbum
565 2040 658 2106 mihi!
683 2040 704 2103 fi
719 2041 756 2118 is,
771 2043 821 2105 cui
841 2043 941 2105 omnis

148 2172 186 2213 ex
200 2151 303 2213 siudiis
324 2149 430 2233 gratia,
447 2148 588 2210 inhabilis
599 2145 700 2210 studiis
713 2143 814 2210 suerit.
859 2145 939 2233 Quis

147 2255 254 2318 deinde
264 2256 382 2345 libellos
392 2275 475 2318 meos
486 2252 524 2317 fic
534 2254 629 2337 leget?
648 2252 686 2315 fic
696 2247 826 2317 am‘abit?
849 2275 939 2338 quem

149 2380 235 2424 aures
248 2382 325 2424 meae
338 2361 377 2424 sic
390 2359 563 2445 sequentur?
590 2359 649 2423 Sed
670 2359 725 2424 Dii
743 2359 857 2423 laetiora
870 2380 939 2443 pro-
1067 2357 1069 2360 ’

150 2467 285 2530 mittunt.
330 2465 417 2530 Stetit
437 2466 566 2550 sanguis,
592 2466 695 2529 resedit
717 2466 812 2529 dolor.
856 2464 939 2529 1³1ae.

149 2584 231 2636 terea
246 2571 401 2633 continens
415 2569 489 2654 ipse:
514 2570 584 2636 Nos
597 2571 715 2649 soliciti,
739 2572 848 2635 medici
870 2571 938 2633 dili-

148 2689 263 2762 gentes.
294 2674 346 2738 Ad
360 2677 416 2739 hoc
430 2674 584 2740 salubritas
598 2678 680 2754 coeli,
695 2675 829 2752 secessus,
841 2676 936 2760 quies,
968 2754 970 2756 q

148 2794 268 2845 tantum
283 2778 384 2844 salutis
398 2796 542 2864 quantum
557 2783 610 2846 otii
625 2783 812 2868 pollicentur.
848 2780 935 2845 Vale.
988 2785 991 2789 ’
