2317 3767
198 235 260 317 462
362 257 395 304 c.
422 257 536 302 ritu.
562 256 825 302 rrrsrornn.

199 419 250 461 eos
269 398 322 482 qui
344 397 475 460 minores
488 419 560 461 xxx.
585 420 735 462 annorum
754 398 821 474 sint,
840 398 913 481 quia
926 417 997 461 ma-

198 504 352 587 gistratum
377 525 480 587 capere
505 503 621 588 possrnt,
643 505 815 567 incuriam
830 504 920 567 etiam
935 503 997 565 loci

199 608 339 697 cujusque
353 630 416 672 non
426 609 560 673 existimo
569 610 630 693 legi
643 610 734 695 polle.
832 684 838 694 ⁵

280 840 403 886 Lxxxv.
443 841 476 885 C.
501 840 648 885 PLINIUS
670 840 729 884 ΤΚ.
756 840 836 883 IMP.
859 839 887 901 S·

204 982 316 1097 Cum
333 1030 433 1094 Prusae
451 1034 489 1094 ad
515 1031 686 1117 Olympum
708 1033 844 1096 Domine
867 1032 996 1117 publicis

200 1137 327 1220 negotiis
341 1137 420 1199 intra
432 1138 604 1222 hospitium,
619 1141 725 1201 eodem
740 1138 788 1200 die
798 1137 931 1209 exiturus
941 1157 996 1198 va-

201 1261 313 1318 carem,
324 1241 510 1327 Asclepiades
526 1242 711 1326 magistratus
725 1243 877 1317 indicavit,
894 1243 997 1324 appel-

201 1349 297 1410 latum
320 1369 370 1411 me
394 1346 585 1414 iscluudio'
596 1348 768 1432 Eumolpo:
793 1368 863 1410 cum
879 1346 997 1411 Cocce-

198 1454 290 1537 janus
306 1453 391 1516 Dion
405 1454 437 1517 in
451 1454 526 1517 Bule
541 1454 687 1538 adsignari
705 1454 817 1516 civitati
832 1474 918 1536 opus,
939 1472 996 1515 cu·

198 1557 251 1643 jus
264 1578 367 1622 curam
380 1561 609 1642 egerat,-vellet.
654 1559 743 1623 Tum
759 1558 927 1642 Eumolpus
941 1561 997 1620 ad-

203 1662 300 1725 sistens
313 1663 421 1727 Flavio
433 1664 588 1749 Archippo
601 1666 688 1741 dixit,
704 1667 881 1748 exigendam
895 1664 952 1726 effe
978 1667 998 1727 ai

205 1768 308 1833 Dione
329 1770 474 1833 rationem
500 1772 598 1854 operis
617 1784 686 1833 ante
707 1792 800 1855 quam
819 1771 906 1854 Reip.
934 1781 997 1830 tra-

202 1874 332 1949 deretur,
347 1877 428 1959 quod
442 1876 527 1938 aliter
548 1874 660 1939 fecisset
681 1898 715 1938 ae
730 1876 883 1955 debuisset.
929 1874 998 1938 Ad-

198 1978 273 2062 jecit
286 1980 390 2057 etiam,
415 1980 471 2044 else
496 1982 528 2044 in
551 1984 657 2044 eodem
671 2003 759 2065 opere
773 1981 896 2066 positam
910 1994 997 2044 tuam

203 2083 340 2168 flatupm,
352 2087 383 2149 ἃ
393 2106 515 2170 corpora
525 2086 706 2172 sepultorum
718 2089 818 2150 uxoris
831 2086 953 2162 Dionis,
966 2088 998 2149 δε

202 2172 345 2266 fitiomm,
371 2190 586 2276 postulavitque
605 2206 639 2255 ut
652 2192 856 2276 cognoscerem
871 2213 925 2275 pro
942 2191 998 2253 tri·

202 2268 318 2359 Eunali.
349 2296 443 2396 Quod
457 2318 527 2360 curn
542 2320 598 2381 ego
612 2319 662 2361 me
676 2299 812 2382 protinus
830 2294 996 2372 saelorum,

202 2370 431 2506 dilaturumqtlg?
452 2425 505 2486 pro
507 2399 668 2466 sectionem
694 2402 842 2478 dixissem,
872 2416 905 2464 ut
928 2403 997 2464 lon-

202 2509 318 2609 gibrem
328 2486 421 2570 Elem
446 2511 484 2570 ad
509 2508 710 2571 instruendam
740 2507 858 2577 causam
881 2510 997 2584 darem,

205 2614 409 2698 utqueinalia
426 2614 544 2676 civitate
560 2614 776 2697 cognoscerem,
792 2614 886 2697 petiit.
932 2612 1000 2696 Ego

205 2741 255 2783 me
274 2718 447 2782 auditurum
461 2719 568 2783 Niceae
591 2718 736 2803 respondi.
781 2720 847 2784 Ubi
867 2740 938 2782 cum
951 2718 997 2781 se-

203 2825 309 2889 dissem
330 2826 514 2909 cogniturus,
540 2827 622 2889 idern
644 2824 824 2910 Eumolpus,
854 2837 1000 2909 tanquam

205 2932 303 2997 adhuc
331 2952 439 3015 parum
473 2931 643 3008 instructus,
688 2932 864 2995 dilationem
899 2944 1001 3014 petere
