2317 3767
226 301 266 349 12
350 328 352 333 -
391 275 855 351 c.ra1u.-er1srotnn.

223 443 373 508 Petiturus
396 443 461 507 sum
482 446 578 522 enim,
602 458 636 508 ut
646 446 744 511 rursus
766 470 852 514 vaces
868 448 1008 526 sermoni,

220 570 312 633 quem
335 552 413 633 apud
436 550 601 635 municipes
624 574 707 615 meos
723 553 827 630 habui,
849 555 1011 630 bibliothe-

221 675 289 718 cam
328 656 525 719 dedicaturus.
579 657 714 720 Memini
742 661 864 742 quidem
893 661 1009 745 tejam

221 763 360 845 quaedam
383 761 543 838 adnotasse,
564 760 614 824 sed
634 765 825 846 generaliter:
847 766 916 827 ideo
930 786 1011 827 nunc

222 888 306 951 rogo,
328 880 362 929 ut
383 888 444 930 non
458 880 576 931 tantum
592 869 772 932 universitati
786 869 850 954 ejus
865 873 1012 945 attendas,

221 993 326 1036 verum
341 974 432 1035 etiam
446 975 604 1057 particulas
618 995 677 1057 qua
687 972 760 1037 soles
772 976 846 1037 lima
856 972 1010 1058 persequa-

221 1078 273 1143 ris.
319 1067 479 1142 Erit'enim
494 1079 601 1162 &post
622 1080 860 1142 emendationem
882 1079 1011 1142 liberum

221 1185 321 1259 nobis,
344 1185 393 1246 vel
415 1186 565 1269 publicare
584 1186 634 1246 vel
648 1185 809 1248 continere.
860 1183 1012 1268 Qtinimo

221 1285 339 1351 sortasse
365 1291 443 1352 hanc
465 1289 557 1373 ipsam
582 1290 803 1353 cundationem
826 1289 956 1353 nostram
979 1291 1012 1352 in

222 1395 394 1459 alterutram
408 1394 583 1458 sententiam
598 1396 815 1457 emendationis
828 1396 904 1458 ratio
917 1396 1012 1457 dedu·

222 1514 288 1563 cete
312 1523 380 1585 quae
403 1513 454 1563 aut
468 1502 625 1582 indignum
648 1501 788 1576 editione,
810 1502 884 1563 dum
907 1500 1011 1584 saepius
1031 1501 1035 1510 ’

222 1606 372 1681 tetradiae
394 1606 544 1668 inveniet:
567 1617 620 1692 aut
629 1606 766 1688 dignum,
782 1607 855 1668 dum
870 1607 900 1668 id
915 1606 1010 1690 ipsum

222 1710 383 1793 experitur,
407 1708 523 1772 efficiet.
570 1709 755 1793 Quanquam
777 1711 868 1795 hujus
889 1712 1010 1775 cundia-

223 1816 313 1877 tionis
336 1835 413 1877 meae
435 1814 530 1877 causae
549 1836 610 1877 non
625 1828 688 1879 tam
703 1818 734 1879 in
748 1816 860 1899 scriptis
873 1838 965 1900 quam
978 1818 1012 1881 in

224 1919 286 2003 ipso
300 1922 432 1983 materiae
445 1940 551 2003 genere
558 1921 728 1985 consulunt.
767 1920 818 1984 Est
831 1922 912 1983 enim
923 1923 1013 2005 paulo

224 2023 304 2108 quasi
327 2024 478 2108 gloriosius
492 2027 522 2090 &
536 2027 653 2089 elatius.
697 2025 847 2089 Onerabit
865 2028 923 2089 hoc
945 2048 1012 2089 mo-

224 2131 349 2193 destiam
373 2121 513 2207 nostram,
536 2131 649 2194 etiamst
663 2131 745 2195 stilus
760 2131 818 2215 ipse
831 2129 921 2195 suerit
934 2131 1013 2215 pres-

224 2235 274 2300 sus
289 2236 496 2320 demissusque,
518 2249 671 2320 propterea
684 2240 763 2320 quod
778 2239 924 2321 cogimur,
942 2259 1012 2301 cum

224 2344 264 2423 de
286 2333 667 2425 munificentia'parentum
689 2342 866 2418 nostrorum,
888 2355 953 2405 tum
976 2346 1014 2406 de

227 2447 324 2511 nostra
343 2448 499 2532 disputare.
544 2446 664 2532 Anceps
679 2449 728 2510 hic
742 2449 772 2512 &
786 2449 917 2511 lubricus
930 2449 1014 2512 locus

224 2543 280 2629 est,
302 2545 397 2616 ⁴etiam
416 2575 487 2616 cum
508 2554 554 2616 illi
567 2553 716 2616 neceffitas
730 2555 923 2617 lenocinetur.
957 2553 1013 2617 Et-

222 2660 310 2723 ¹enim
325 2658 346 2720 fi
359 2647 465 2721 alienae
479 2680 597 2742 quoque
611 2660 713 2738 laudes
727 2681 832 2743 parum
847 2661 940 2744 aequis
959 2682 1013 2723 au·

223 2767 311 2830 ribus
326 2765 419 2848 accipi
437 2764 541 2841 solent,
564 2787 656 2849 quam
671 2763 791 2828 difficile
806 2767 846 2829 est
868 2768 1012 2844 obtinere,

221 2884 266 2935 ue
280 2872 402 2935 molesta
414 2873 550 2933 videatur
563 2873 658 2961 oratio
671 2874 708 2933 de
721 2870 750 2933 se
765 2886 816 2935 aut
829 2875 865 2935 de
880 2872 937 2936 suis
956 2870 1014 2934 dis-

228 2975 367 3049 serentis?
401 2976 488 3048 Nam
513 2987 584 3042 cum
608 2966 661 3061 ipsi
684 2976 839 3056 honestati,
867 2992 933 3042 tum
958 2976 1015 3039 ali·
