<?xml version="1.0" encoding="UTF-8"?>
<!DOCTYPE html PUBLIC "-//W3C//DTD XHTML 1.0 Transitional//EN"
    "http://www.w3.org/TR/xhtml1/DTD/xhtml1-transitional.dtd">
<html xmlns="http://www.w3.org/1999/xhtml" xml:lang="en" lang="en">
 <head>
  <title>
</title>
<meta http-equiv="Content-Type" content="text/html;charset=utf-8" />
  <meta name='ocr-system' content='tesseract 3.04.00' />
  <meta name='ocr-capabilities' content='ocr_page ocr_carea ocr_par ocr_line ocrx_word'/>
</head>
<body>
  <div class='ocr_page' id='page_1' title='image "./cpliniicciliise01plingoog_0150.png"; bbox 0 0 2317 3767; ppageno 0'>
   <div class='ocr_carea' id='block_1_1' title="bbox 217 275 860 349">
    <p class='ocr_par' dir='ltr' id='par_1_1' title="bbox 217 275 860 349">
     <span class='ocr_line' id='line_1_1' title="bbox 217 275 860 349; baseline -0.006 -22"><span class='ocrx_word' id='word_1_1' title='bbox 217 277 278 349; x_wconf 77' lang='lat'>132</span> <span class='ocrx_word' id='word_1_2' title='bbox 384 277 418 323; x_wconf 79' lang='lat' dir='ltr'>C·</span> <span class='ocrx_word' id='word_1_3' title='bbox 445 276 565 323; x_wconf 73' lang='lat' dir='ltr'>Palu.</span> <span class='ocrx_word' id='word_1_4' title='bbox 596 275 860 323; x_wconf 73' lang='lat' dir='ltr'>ertsroaatt.</span> 
     </span>
    </p>
   </div>
   <div class='ocr_carea' id='block_1_2' title="bbox 213 416 1017 2523">
    <p class='ocr_par' dir='ltr' id='par_1_2' title="bbox 213 416 1017 2523">
     <span class='ocr_line' id='line_1_2' title="bbox 213 416 1009 507; baseline 0.001 -22"><span class='ocrx_word' id='word_1_5' title='bbox 213 420 299 507; x_wconf 87' lang='lat' dir='ltr'>pauci</span> <span class='ocrx_word' id='word_1_6' title='bbox 328 434 478 486; x_wconf 86' lang='lat' dir='ltr'>verentur.</span> <span class='ocrx_word' id='word_1_7' title='bbox 525 419 584 485; x_wconf 85' lang='lat' dir='ltr'>Sed</span> <span class='ocrx_word' id='word_1_8' title='bbox 609 421 702 484; x_wconf 86' lang='lat' dir='ltr'>nimis</span> <span class='ocrx_word' id='word_1_9' title='bbox 730 420 792 486; x_wconf 86' lang='lat' dir='ltr'>cito</span> <span class='ocrx_word' id='word_1_10' title='bbox 811 424 849 485; x_wconf 89' lang='lat' dir='ltr'>de</span> <span class='ocrx_word' id='word_1_11' title='bbox 877 416 1009 486; x_wconf 81' lang='lat' dir='ltr'>suturis:</span> 
     </span>
     <span class='ocr_line' id='line_1_3' title="bbox 217 527 1012 613; baseline -0.003 -20"><span class='ocrx_word' id='word_1_12' title='bbox 217 529 338 593; x_wconf 85' lang='lat' dir='ltr'>interim</span> <span class='ocrx_word' id='word_1_13' title='bbox 356 527 502 595; x_wconf 87' lang='lat' dir='ltr'>beneficio</span> <span class='ocrx_word' id='word_1_14' title='bbox 515 527 696 592; x_wconf 85' lang='lat' dir='ltr'>tabellarum</span> <span class='ocrx_word' id='word_1_15' title='bbox 709 528 888 592; x_wconf 87' lang='lat' dir='ltr'>habeblmus</span> <span class='ocrx_word' id='word_1_16' title='bbox 902 528 1012 613; x_wconf 82' lang='lat' dir='ltr'>magis·</span> 
     </span>
     <span class='ocr_line' id='line_1_4' title="bbox 213 632 1012 719; baseline -0.003 -19"><span class='ocrx_word' id='word_1_17' title='bbox 213 647 319 711; x_wconf 79' lang='lat' dir='ltr'>uatus,</span> <span class='ocrx_word' id='word_1_18' title='bbox 353 635 405 719; x_wconf 88' lang='lat' dir='ltr'>qui</span> <span class='ocrx_word' id='word_1_19' title='bbox 431 633 564 698; x_wconf 84' lang='lat' dir='ltr'>maxime</span> <span class='ocrx_word' id='word_1_20' title='bbox 599 632 664 696; x_wconf 88' lang='lat' dir='ltr'>fieri</span> <span class='ocrx_word' id='word_1_21' title='bbox 692 634 871 698; x_wconf 87' lang='lat' dir='ltr'>debuerunt.</span> <span class='ocrx_word' id='word_1_22' title='bbox 922 633 1012 698; x_wconf 87' lang='lat' dir='ltr'>Nam</span> 
     </span>
     <span class='ocr_line' id='line_1_5' title="bbox 214 738 1010 824; baseline 0.001 -19"><span class='ocrx_word' id='word_1_23' title='bbox 214 753 248 805; x_wconf 92' lang='lat' dir='ltr'>ut</span> <span class='ocrx_word' id='word_1_24' title='bbox 263 742 295 804; x_wconf 91' lang='lat' dir='ltr'>in</span> <span class='ocrx_word' id='word_1_25' title='bbox 309 738 673 824; x_wconf 78' lang='lat' dir='ltr'>recuperatoriisjudiciis,</span> <span class='ocrx_word' id='word_1_26' title='bbox 691 739 729 803; x_wconf 87' lang='lat' dir='ltr'>lic</span> <span class='ocrx_word' id='word_1_27' title='bbox 739 761 796 804; x_wconf 84' lang='lat' dir='ltr'>nos</span> <span class='ocrx_word' id='word_1_28' title='bbox 809 741 841 803; x_wconf 91' lang='lat' dir='ltr'>in</span> <span class='ocrx_word' id='word_1_29' title='bbox 854 740 903 803; x_wconf 87' lang='lat' dir='ltr'>his</span> <span class='ocrx_word' id='word_1_30' title='bbox 913 741 1010 806; x_wconf 84' lang='lat' dir='ltr'>comi-</span> 
     </span>
     <span class='ocr_line' id='line_1_6' title="bbox 214 841 1010 932; baseline -0.005 -20"><span class='ocrx_word' id='word_1_31' title='bbox 214 848 264 912; x_wconf 86' lang='lat' dir='ltr'>tiis</span> <span class='ocrx_word' id='word_1_32' title='bbox 279 847 360 932; x_wconf 81' lang='lat' dir='ltr'>quafi</span> <span class='ocrx_word' id='word_1_33' title='bbox 374 858 493 931; x_wconf 87' lang='lat' dir='ltr'>repente</span> <span class='ocrx_word' id='word_1_34' title='bbox 508 844 690 929; x_wconf 83' lang='lat' dir='ltr'>apprehensi,</span> <span class='ocrx_word' id='word_1_35' title='bbox 710 844 812 909; x_wconf 85' lang='lat' dir='ltr'>sinceri</span> <span class='ocrx_word' id='word_1_36' title='bbox 820 845 938 929; x_wconf 86' lang='lat' dir='ltr'>judices</span> <span class='ocrx_word' id='word_1_37' title='bbox 948 841 1010 908; x_wconf 86' lang='lat' dir='ltr'>fui-</span> 
     </span>
     <span class='ocr_line' id='line_1_7' title="bbox 214 949 1012 1035; baseline -0.003 -17"><span class='ocrx_word' id='word_1_38' title='bbox 214 974 295 1018; x_wconf 87' lang='lat' dir='ltr'><strong>mus.</strong></span> <span class='ocrx_word' id='word_1_39' title='bbox 347 952 426 1018; x_wconf 82' lang='lat' dir='ltr'>Haec</span> <span class='ocrx_word' id='word_1_40' title='bbox 450 952 505 1015; x_wconf 90' lang='lat' dir='ltr'>tibi</span> <span class='ocrx_word' id='word_1_41' title='bbox 534 949 642 1035; x_wconf 74' lang='lat' dir='ltr'>scripsi,</span> <span class='ocrx_word' id='word_1_42' title='bbox 669 951 814 1035; x_wconf 86' lang='lat' dir='ltr'>primum,</span> <span class='ocrx_word' id='word_1_43' title='bbox 838 964 872 1015; x_wconf 90' lang='lat' dir='ltr'>ut</span> <span class='ocrx_word' id='word_1_44' title='bbox 897 953 1012 1035; x_wconf 88' lang='lat' dir='ltr'>aliquid</span> 
     </span>
     <span class='ocr_line' id='line_1_8' title="bbox 214 1058 1011 1144; baseline -0.003 -19"><span class='ocrx_word' id='word_1_45' title='bbox 214 1061 287 1125; x_wconf 85' lang='lat' dir='ltr'>novi</span> <span class='ocrx_word' id='word_1_46' title='bbox 315 1058 484 1135; x_wconf 82' lang='lat' dir='ltr'>scriberem,</span> <span class='ocrx_word' id='word_1_47' title='bbox 516 1059 624 1120; x_wconf 84' lang='lat' dir='ltr'>deinde</span> <span class='ocrx_word' id='word_1_48' title='bbox 650 1069 684 1121; x_wconf 91' lang='lat' dir='ltr'>ut</span> <span class='ocrx_word' id='word_1_49' title='bbox 720 1077 939 1144; x_wconf 88' lang='lat' dir='ltr'>nonnunquam</span> <span class='ocrx_word' id='word_1_50' title='bbox 972 1058 1011 1123; x_wconf 91' lang='lat' dir='ltr'>de</span> 
     </span>
     <span class='ocr_line' id='line_1_9' title="bbox 217 1163 1012 1251; baseline -0.006 -20"><span class='ocrx_word' id='word_1_51' title='bbox 217 1165 296 1251; x_wconf 89' lang='lat' dir='ltr'>Rep.</span> <span class='ocrx_word' id='word_1_52' title='bbox 324 1166 473 1250; x_wconf 84' lang='lat' dir='ltr'>loquerer,</span> <span class='ocrx_word' id='word_1_53' title='bbox 507 1163 594 1248; x_wconf 86' lang='lat' dir='ltr'>cujus</span> <span class='ocrx_word' id='word_1_54' title='bbox 624 1164 758 1227; x_wconf 83' lang='lat' dir='ltr'>materiae</span> <span class='ocrx_word' id='word_1_55' title='bbox 786 1164 873 1227; x_wconf 80' lang='lat' dir='ltr'>nobie</span> <span class='ocrx_word' id='word_1_56' title='bbox 898 1175 1012 1247; x_wconf 88' lang='lat' dir='ltr'>quanto</span> 
     </span>
     <span class='ocr_line' id='line_1_10' title="bbox 215 1269 1012 1357; baseline -0.004 -21"><span class='ocrx_word' id='word_1_57' title='bbox 215 1273 310 1337; x_wconf 85' lang='lat' dir='ltr'>rarior</span> <span class='ocrx_word' id='word_1_58' title='bbox 333 1292 426 1357; x_wconf 89' lang='lat' dir='ltr'>quam</span> <span class='ocrx_word' id='word_1_59' title='bbox 465 1271 615 1333; x_wconf 87' lang='lat' dir='ltr'>veteribus</span> <span class='ocrx_word' id='word_1_60' title='bbox 644 1269 767 1345; x_wconf 86' lang='lat' dir='ltr'>oceafio,</span> <span class='ocrx_word' id='word_1_61' title='bbox 793 1281 878 1332; x_wconf 88' lang='lat' dir='ltr'>tanto</span> <span class='ocrx_word' id='word_1_62' title='bbox 909 1270 1012 1333; x_wconf 80' lang='lat' dir='ltr'>nrlnus</span> 
     </span>
     <span class='ocr_line' id='line_1_11' title="bbox 217 1358 1011 1460; baseline -0.005 -18"><span class='ocrx_word' id='word_1_63' title='bbox 217 1379 385 1443; x_wconf 86' lang='lat' dir='ltr'>omittenda</span> <span class='ocrx_word' id='word_1_64' title='bbox 398 1377 450 1441; x_wconf 87' lang='lat' dir='ltr'>est.</span> <span class='ocrx_word' id='word_1_65' title='bbox 495 1376 536 1441; x_wconf 85' lang='lat' dir='ltr'>Et</span> <span class='ocrx_word' id='word_1_66' title='bbox 550 1367 686 1442; x_wconf 86' lang='lat' dir='ltr'>Hercule</span> <span class='ocrx_word' id='word_1_67' title='bbox 707 1358 858 1460; x_wconf 73' lang='lat' dir='ltr'>quousque</span> <span class='ocrx_word' id='word_1_68' title='bbox 877 1375 929 1440; x_wconf 83' lang='lat' dir='ltr'>illa</span> <span class='ocrx_word' id='word_1_69' title='bbox 942 1376 1011 1438; x_wconf 89' lang='lat' dir='ltr'>vul-</span> 
     </span>
     <span class='ocr_line' id='line_1_12' title="bbox 218 1480 1013 1570; baseline -0.004 -22"><span class='ocrx_word' id='word_1_70' title='bbox 218 1487 323 1570; x_wconf 83' lang='lat' dir='ltr'>garia?</span> <span class='ocrx_word' id='word_1_71' title='bbox 348 1482 411 1550; x_wconf 82' lang='lat' dir='ltr'>Eho</span> <span class='ocrx_word' id='word_1_72' title='bbox 426 1484 498 1568; x_wconf 86' lang='lat' dir='ltr'>quid</span> <span class='ocrx_word' id='word_1_73' title='bbox 516 1482 608 1567; x_wconf 76' lang='lat' dir='ltr'>agis?</span> <span class='ocrx_word' id='word_1_74' title='bbox 630 1480 731 1568; x_wconf 78' lang='lat' dir='ltr'>ecquid</span> <span class='ocrx_word' id='word_1_75' title='bbox 751 1483 886 1546; x_wconf 75' lang='lat' dir='ltr'>commode</span> <span class='ocrx_word' id='word_1_76' title='bbox 906 1482 1013 1545; x_wconf 75' lang='lat' dir='ltr'>vales?</span> 
     </span>
     <span class='ocr_line' id='line_1_13' title="bbox 217 1587 1014 1673; baseline -0.003 -17"><span class='ocrx_word' id='word_1_77' title='bbox 217 1591 361 1656; x_wconf 82' lang='lat' dir='ltr'>Habeant</span> <span class='ocrx_word' id='word_1_78' title='bbox 388 1589 495 1652; x_wconf 84' lang='lat' dir='ltr'>nostrae</span> <span class='ocrx_word' id='word_1_79' title='bbox 528 1608 647 1673; x_wconf 86' lang='lat' dir='ltr'>quoque</span> <span class='ocrx_word' id='word_1_80' title='bbox 676 1587 771 1651; x_wconf 78' lang='lat' dir='ltr'>literae</span> <span class='ocrx_word' id='word_1_81' title='bbox 803 1587 916 1670; x_wconf 84' lang='lat' dir='ltr'>aliquid</span> <span class='ocrx_word' id='word_1_82' title='bbox 949 1607 1014 1654; x_wconf 85' lang='lat' dir='ltr'>non</span> 
     </span>
     <span class='ocr_line' id='line_1_14' title="bbox 216 1693 1013 1779; baseline -0.004 -18"><span class='ocrx_word' id='word_1_83' title='bbox 216 1698 345 1773; x_wconf 89' lang='lat' dir='ltr'>humile,</span> <span class='ocrx_word' id='word_1_84' title='bbox 370 1716 426 1758; x_wconf 87' lang='lat' dir='ltr'>nec</span> <span class='ocrx_word' id='word_1_85' title='bbox 447 1693 613 1771; x_wconf 84' lang='lat' dir='ltr'>sordidum,</span> <span class='ocrx_word' id='word_1_86' title='bbox 639 1714 695 1758; x_wconf 88' lang='lat' dir='ltr'>nec</span> <span class='ocrx_word' id='word_1_87' title='bbox 712 1693 837 1779; x_wconf 80' lang='lat' dir='ltr'>privatis</span> <span class='ocrx_word' id='word_1_88' title='bbox 855 1694 945 1758; x_wconf 87' lang='lat' dir='ltr'>rebus</span> <span class='ocrx_word' id='word_1_89' title='bbox 964 1693 1013 1758; x_wconf 88' lang='lat' dir='ltr'>in-</span> 
     </span>
     <span class='ocr_line' id='line_1_15' title="bbox 215 1799 1013 1886; baseline -0.005 -20"><span class='ocrx_word' id='word_1_90' title='bbox 215 1800 342 1872; x_wconf 88' lang='lat' dir='ltr'>clusum.</span> <span class='ocrx_word' id='word_1_91' title='bbox 387 1799 465 1865; x_wconf 90' lang='lat' dir='ltr'>Sunt</span> <span class='ocrx_word' id='word_1_92' title='bbox 483 1801 608 1886; x_wconf 89' lang='lat' dir='ltr'>quidem</span> <span class='ocrx_word' id='word_1_93' title='bbox 629 1799 739 1865; x_wconf 69' lang='lat' dir='ltr'>cunila</span> <span class='ocrx_word' id='word_1_94' title='bbox 752 1799 806 1863; x_wconf 92' lang='lat' dir='ltr'>sub</span> <span class='ocrx_word' id='word_1_95' title='bbox 821 1800 911 1864; x_wconf 81' lang='lat' dir='ltr'>unius</span> <span class='ocrx_word' id='word_1_96' title='bbox 932 1800 1013 1863; x_wconf 86' lang='lat' dir='ltr'>arbi-</span> 
     </span>
     <span class='ocr_line' id='line_1_16' title="bbox 215 1905 1015 1992; baseline 0.001 -23"><span class='ocrx_word' id='word_1_97' title='bbox 215 1907 287 1984; x_wconf 89' lang='lat' dir='ltr'>trio,</span> <span class='ocrx_word' id='word_1_98' title='bbox 314 1907 368 1992; x_wconf 92' lang='lat' dir='ltr'>qui</span> <span class='ocrx_word' id='word_1_99' title='bbox 381 1928 436 1992; x_wconf 88' lang='lat' dir='ltr'>pro</span> <span class='ocrx_word' id='word_1_100' title='bbox 460 1907 588 1972; x_wconf 89' lang='lat' dir='ltr'>utilitate</span> <span class='ocrx_word' id='word_1_101' title='bbox 613 1907 769 1971; x_wconf 89' lang='lat' dir='ltr'>communi</span> <span class='ocrx_word' id='word_1_102' title='bbox 782 1905 860 1970; x_wconf 85' lang='lat' dir='ltr'>solus</span> <span class='ocrx_word' id='word_1_103' title='bbox 873 1907 1015 1971; x_wconf 82' lang='lat' dir='ltr'>emulum</span> 
     </span>
     <span class='ocr_line' id='line_1_17' title="bbox 218 2010 1013 2099; baseline -0.005 -21"><span class='ocrx_word' id='word_1_104' title='bbox 218 2035 316 2090; x_wconf 81' lang='lat' dir='ltr'>curas,</span> <span class='ocrx_word' id='word_1_105' title='bbox 331 2012 504 2098; x_wconf 83' lang='lat' dir='ltr'>laboresque</span> <span class='ocrx_word' id='word_1_106' title='bbox 516 2010 660 2099; x_wconf 83' lang='lat' dir='ltr'>suscepit:</span> <span class='ocrx_word' id='word_1_107' title='bbox 685 2012 808 2096; x_wconf 90' lang='lat' dir='ltr'>quidam</span> <span class='ocrx_word' id='word_1_108' title='bbox 818 2023 920 2076; x_wconf 86' lang='lat' dir='ltr'>tamen</span> <span class='ocrx_word' id='word_1_109' title='bbox 934 2011 1013 2076; x_wconf 82' lang='lat' dir='ltr'>salu·</span> 
     </span>
     <span class='ocr_line' id='line_1_18' title="bbox 215 2118 1015 2205; baseline -0.003 -21"><span class='ocrx_word' id='word_1_110' title='bbox 215 2121 263 2184; x_wconf 91' lang='lat' dir='ltr'>bri</span> <span class='ocrx_word' id='word_1_111' title='bbox 277 2129 514 2205; x_wconf 85' lang='lat' dir='ltr'>temperamento</span> <span class='ocrx_word' id='word_1_112' title='bbox 527 2119 565 2182; x_wconf 91' lang='lat' dir='ltr'>ad</span> <span class='ocrx_word' id='word_1_113' title='bbox 582 2139 638 2182; x_wconf 81' lang='lat' dir='ltr'>noe</span> <span class='ocrx_word' id='word_1_114' title='bbox 653 2139 784 2204; x_wconf 88' lang='lat' dir='ltr'>quoque,</span> <span class='ocrx_word' id='word_1_115' title='bbox 807 2119 890 2181; x_wconf 87' lang='lat' dir='ltr'>velut</span> <span class='ocrx_word' id='word_1_116' title='bbox 904 2118 961 2181; x_wconf 86' lang='lat' dir='ltr'>rivi</span> <span class='ocrx_word' id='word_1_117' title='bbox 975 2138 1015 2182; x_wconf 85' lang='lat' dir='ltr'>ex</span> 
     </span>
     <span class='ocr_line' id='line_1_19' title="bbox 216 2221 1014 2310; baseline -0.001 -19"><span class='ocrx_word' id='word_1_118' title='bbox 216 2227 269 2291; x_wconf 91' lang='lat' dir='ltr'>illo</span> <span class='ocrx_word' id='word_1_119' title='bbox 283 2224 492 2310; x_wconf 82' lang='lat' dir='ltr'>benigniffuno</span> <span class='ocrx_word' id='word_1_120' title='bbox 505 2221 590 2288; x_wconf 86' lang='lat' dir='ltr'>sonte</span> <span class='ocrx_word' id='word_1_121' title='bbox 604 2225 778 2300; x_wconf 84' lang='lat' dir='ltr'>decurrunt,</span> <span class='ocrx_word' id='word_1_122' title='bbox 802 2244 877 2308; x_wconf 83' lang='lat' dir='ltr'>quos</span> <span class='ocrx_word' id='word_1_123' title='bbox 891 2223 923 2288; x_wconf 67' lang='grc' dir='ltr'>ἃ</span> <span class='ocrx_word' id='word_1_124' title='bbox 936 2222 1014 2290; x_wconf 84' lang='lat' dir='ltr'>hau-</span> 
     </span>
     <span class='ocr_line' id='line_1_20' title="bbox 216 2328 1017 2416; baseline 0.001 -21"><span class='ocrx_word' id='word_1_125' title='bbox 216 2332 275 2396; x_wconf 88' lang='lat' dir='ltr'>rire</span> <span class='ocrx_word' id='word_1_126' title='bbox 297 2330 361 2416; x_wconf 84' lang='lat' dir='ltr'>ipsi,</span> <span class='ocrx_word' id='word_1_127' title='bbox 384 2329 600 2397; x_wconf 84' lang='lat' dir='ltr'>&amp;absentibus</span> <span class='ocrx_word' id='word_1_128' title='bbox 614 2328 828 2415; x_wconf 79' lang='lat' dir='ltr'>amicie,quas1</span> <span class='ocrx_word' id='word_1_129' title='bbox 850 2329 1017 2396; x_wconf 79' lang='lat' dir='ltr'>ministrare</span> 
     </span>
     <span class='ocr_line' id='line_1_21' title="bbox 216 2435 656 2523; baseline 0 -22"><span class='ocrx_word' id='word_1_130' title='bbox 216 2436 345 2523; x_wconf 86' lang='lat' dir='ltr'>epistolis</span> <span class='ocrx_word' id='word_1_131' title='bbox 356 2436 520 2520; x_wconf 82' lang='lat' dir='ltr'>possumus.</span> <span class='ocrx_word' id='word_1_132' title='bbox 566 2435 656 2502; x_wconf 86' lang='lat' dir='ltr'>Vale.</span> 
     </span>
    </p>
   </div>
   <div class='ocr_carea' id='block_1_3' title="bbox 303 2666 936 2716">
    <p class='ocr_par' dir='ltr' id='par_1_3' title="bbox 303 2666 936 2716">
     <span class='ocr_line' id='line_1_22' title="bbox 303 2666 936 2716; baseline -0.002 -1"><span class='ocrx_word' id='word_1_133' title='bbox 303 2669 385 2715; x_wconf 78' lang='lat' dir='ltr'>xxt.</span> <span class='ocrx_word' id='word_1_134' title='bbox 421 2668 455 2715; x_wconf 73' lang='lat' dir='ltr'>C·</span> <span class='ocrx_word' id='word_1_135' title='bbox 481 2668 630 2716; x_wconf 82' lang='lat' dir='ltr'>PLINIUS</span> <span class='ocrx_word' id='word_1_136' title='bbox 655 2666 785 2713; x_wconf 72' lang='lat' dir='ltr'>musco</span> <span class='ocrx_word' id='word_1_137' title='bbox 811 2666 880 2714; x_wconf 84' lang='lat' dir='ltr'>SUO</span> <span class='ocrx_word' id='word_1_138' title='bbox 906 2666 936 2714; x_wconf 76' lang='lat' dir='ltr'>S.</span> 
     </span>
    </p>
   </div>
   <div class='ocr_carea' id='block_1_4' title="bbox 84 2817 1016 3050">
    <p class='ocr_par' dir='ltr' id='par_1_4' title="bbox 84 2817 1016 3050">
     <span class='ocr_line' id='line_1_23' title="bbox 84 2817 1016 2948; baseline -0.006 -19"><span class='ocrx_word' id='word_1_139' title='bbox 84 2939 92 2948; x_wconf 44' lang='lat'>,</span> <span class='ocrx_word' id='word_1_140' title='bbox 218 2817 1016 2939; x_wconf 58' lang='lat' dir='ltr'>AumovneriumMarunemdeceffitteame</span> 
     </span>
     <span class='ocr_line' id='line_1_24' title="bbox 216 2964 1016 3050; baseline -0.001 -20"><span class='ocrx_word' id='word_1_141' title='bbox 216 2966 285 3034; x_wconf 81' lang='lat' dir='ltr'>leste</span> <span class='ocrx_word' id='word_1_142' title='bbox 298 2965 373 3033; x_wconf 88' lang='lat' dir='ltr'>fero.</span> <span class='ocrx_word' id='word_1_143' title='bbox 418 2964 492 3032; x_wconf 81' lang='lat' dir='ltr'>Erat</span> <span class='ocrx_word' id='word_1_144' title='bbox 502 2967 597 3032; x_wconf 89' lang='lat' dir='ltr'>homo</span> <span class='ocrx_word' id='word_1_145' title='bbox 610 2965 790 3050; x_wconf 80' lang='lat' dir='ltr'>ingeniosus,</span> <span class='ocrx_word' id='word_1_146' title='bbox 803 2980 919 3046; x_wconf 84' lang='lat' dir='ltr'>acutus,</span> <span class='ocrx_word' id='word_1_147' title='bbox 935 2988 1016 3046; x_wconf 83' lang='lat' dir='ltr'>acer,</span> 
     </span>
    </p>
   </div>
   <div class='ocr_carea' id='block_1_5' title="bbox 0 0 1168 3767">
    <p class='ocr_par' dir='ltr' id='par_1_5' title="bbox 0 0 1168 3767">
     <span class='ocr_line' id='line_1_25' title="bbox 0 0 1168 3767; baseline 0 0"><span class='ocrx_word' id='word_1_148' title='bbox 0 0 1168 3767; x_wconf 95' lang='lat' dir='ltr'> </span> 
     </span>
    </p>
   </div>
  </div>
 </body>
</html>
