2317 3767
195 254 255 321 218
356 233 821 345 c.1³u1u.ur1srotsir.

194 414 246 477 vix
260 414 312 477 uni
327 428 379 478 aut
392 415 489 490 alteri,
504 416 600 478 immo
614 413 634 476 sl
649 413 759 478 Marco
770 412 906 479 Antonio
919 437 983 478 cre·

193 520 304 595 dimus,
334 520 469 582 nemini:
508 519 573 582 haec
599 541 681 596 vero,
708 541 799 604 quam
825 519 983 585 Candidus

193 625 376 708 loquentiam
400 626 539 708 appellat,
560 626 663 688 multis
677 638 765 709 atque
776 625 866 689 etiam
881 627 981 710 impu-

193 729 360 793 dentiffuno
380 712 639 814 cuiquemaxime
666 732 821 814 contingit.
865 731 985 799 Postero

192 836 241 898 die
251 836 328 897 dixit
340 856 394 918 pro
406 834 527 899 Vareno
547 836 715 900 Homullus
729 838 847 914 callide,
869 839 984 915 acriter,

192 943 292 1005 culte:
316 953 417 1004 contra
430 941 580 1025 Nigrinus
593 941 696 1024 presse,
711 942 851 1025 graviter,
866 956 981 1006 ornate.

195 1045 320 1110 Censuit
338 1044 457 1109 Acilius
474 1043 589 1124 Rufus,
606 1046 723 1112 Consul
735 1049 911 1132 designatus,
935 1050 984 1111 in·

193 1150 381 1235 quilitionem
405 1151 542 1236 Bithynis
571 1154 720 1216 dandam:
759 1153 985 1236 postulationem

195 1257 308 1322 Vareni
329 1257 443 1332 silentio
453 1258 603 1340 praeteriit.
648 1257 726 1322 Haec
740 1256 839 1322 forma
851 1261 986 1343 neganda

192 1362 262 1429 suit.
307 1364 467 1428 Cornelius
479 1362 594 1426 Priscus
606 1362 791 1440 Consularis,
817 1366 847 1430 &
867 1363 985 1427 accusa·

192 1472 318 1546 toribus,
344 1491 413 1554 quae
425 1470 575 1552 petebant,
591 1469 622 1531 &
645 1489 695 1530 reo
714 1469 831 1546 tribuit,
856 1470 985 1554 vicitque

192 1598 336 1640 numero,
376 1573 610 1656 Impetravimus
621 1594 696 1651 rem,
709 1595 765 1637 nec
775 1575 839 1658 lege
850 1594 985 1658 compre-

193 1679 328 1757 hemam,
371 1699 427 1741 nec
454 1677 522 1740 satis
551 1676 699 1757 usitatam,
719 1730 722 1733 i
733 1679 843 1763 justam
870 1694 983 1744 tamen.

195 1786 299 1870 Qare
316 1784 426 1869 justam
450 1804 511 1846 oon
530 1782 595 1847 sum
616 1785 737 1870 epistola
749 1800 936 1864 executurus,
947 1800 986 1851 'ut

193 1890 335 1954 desideres
343 1892 502 1957 amionem.
547 1890 634 1956 Nam
652 1891 794 1954 fiverum
808 1890 849 1954 est
865 1891 985 1957 Home-

194 1997 290 2060 ricum
304 1998 391 2073 illud,

211 2103 277 2183 Τιίν
290 2103 350 2185 γὰρ
367 2104 467 2184 ἀοιδὴν
482 2105 601 2187 μᾶλλον
614 2099 775 2170 cranius&
791 2096 943 2185 ἅνῦρωποι,

200 2264 201 2267 ¹
214 2208 306 2296 H'w
318 2207 499 2278 οἰκεόντεσσι
510 2210 648 2290 νεωτάτη
662 2206 893 2293 ἀμφιπέληται,

196 2313 287 2399 Apud
301 2328 331 2377 te
345 2316 560 2400 providendum
575 2316 615 2379 est
630 2317 717 2393 mihi,
738 2336 776 2378 ne
790 2314 916 2399 gratiam
930 2337 986 2380 no·

194 2421 295 2484 vitatis
316 2423 347 2485 &
361 2421 477 2499 florem,
506 2444 573 2506 quae
587 2422 804 2486 oratiunculam
823 2441 923 2485 meam
938 2423 987 2485 vel

195 2529 327 2591 maxime
365 2531 590 2605 commendant,
638 2526 766 2612 epistolae
799 2527 987 2611 ,loquacitate

194 2653 384 2718 praecerpam.
431 2633 524 2696 Vale.v
