2317 3767
746 2 1156 10 κὶ-τ--η--ῄ--ν-ὴ

422 292 720 342 ιιηιιν.
898 283 958 355 149

266 560 301 605 Χ.
326 558 361 606 C·
390 558 537 605 mulus
563 557 703 605 SABINO
728 556 795 603 SUO
826 557 857 603 S,
887 622 891 631 ¹

176 706 345 821 Scmts
361 750 449 827 mihi,
459 749 612 828 Sabinam,
620 772 689 834 quae
703 770 758 813 nos
772 749 959 833 reliquithae·

171 861 267 936 redes,
282 855 458 922 Modestum
479 854 599 919 servum
619 853 706 918 suum
725 853 871 939 nusquam
884 855 960 918 libe·

143 951 146 958 Χ
171 984 241 1027 rum
262 963 320 1026 effe
336 960 470 1046 juffiffe:
495 963 594 1024 eidem
607 975 709 1024 tamen
732 960 771 1025 fic
789 957 961 1043 adscripfiffe

170 1070 317 1152 legatum,
333 1067 470 1153 Modesto,
482 1090 561 1151 quem
571 1066 689 1132 liberum
703 1066 835 1153 effljuffl.
862 1064 961 1151 Quae·

172 1176 214 1237 ris
232 1174 306 1257 quid
318 1171 440 1235 sentiam
453 1174 474 1233 ἱ-
508 1170 636 1237 Contuli
660 1192 731 1235 cum
753 1172 958 1257 prudentibus.

173 1278 331 1344 Convenit
350 1278 427 1341 inter
453 1298 560 1356 omnes
581 1297 638 1341 nec
662 1278 830 1339 libertatem
848 1276 961 1354 deberi,

172 1385 243 1469 quia
258 1403 319 1445 non
330 1383 364 1446 fit
377 1385 465 1446 data:
495 1403 550 1446 nec
562 1383 709 1466 legatum,
724 1382 795 1465 quia
807 1380 890 1446 servo
911 1380 964 1445 suo

172 1491 295 1553 dederit.
341 1488 398 1552 Sed
423 1488 501 1552 mihi
524 1484 697 1551 mardfestus
719 1507 800 1550 error
823 1486 962 1549 videtum

176 1595 304 1678 ideoque
316 1606 401 1683 puto,
417 1595 504 1657 nobis
518 1591 598 1677 quafi
608 1590 748 1678 scripserit
766 1591 877 1656 Sabina
890 1587 964 1654 faci·

175 1701 301 1776 endum,
318 1701 399 1783 quod
420 1698 480 1782 ipse
506 1697 640 1782 scripfisse
654 1698 788 1762 credidit.
833 1695 966 1762 Confido

173 1803 354 1868 adceffurum
363 1817 393 1867 te
406 1803 556 1868 sententiae
569 1824 661 1881 meae,
672 1824 742 1867 eum
756 1801 964 1886 religiofiffime

175 1911 269 1976 soleas
280 1909 423 1975 custodire
434 1906 646 1973 defundorum
661 1909 858 1986 voluntatem,
873 1928 965 1993 quam

173 2017 262 2081 bonis
277 2017 446 2084 haeredibus
459 2011 632 2077 intellexiste
650 2033 705 2097 pro
715 2011 782 2096 jure
802 2011 854 2075 est.
897 2012 966 2076 Ne·

174 2144 233 2207 que
243 2121 327 2184 enim
341 2122 441 2184 minus
455 2122 535 2204 apud
544 2140 601 2183 nos
614 2116 761 2196 honestas,
787 2139 879 2203 quam
887 2121 966 2203 apud

33 2219 36 2224 ’
176 2228 251 2290 alios
270 2224 420 2289 neceffitas
442 2226 533 2289 valet.
577 2224 719 2288 Moretur
732 2243 802 2308 ergo
824 2226 858 2288 in
876 2226 966 2289 liber-

175 2344 238 2395 tate
251 2332 410 2396 finentibus
424 2330 523 2407 nobis,
546 2326 663 2393 fruatur
676 2332 784 2413 legato,
801 2328 881 2413 quafi
899 2349 966 2395 om-

178 2437 230 2500 nia
257 2435 472 2521 diligentiffnne
496 2436 617 2499 caverit.
663 2431 756 2501 Cavit
776 2434 871 2514 enim,
898 2456 967 2521 quae

177 2543 310 2607 haeredes
324 2544 401 2606 bene
414 2541 515 2627 elegit.
562 2537 653 2604 Vale.
814 2535 817 2540 ’

510 2879 574 2967 Lz
