2317 3767
221 249 282 345 176
396 274 861 322 c.sL1u.sslsT01.nR.

216 432 314 496 tuam,
339 417 500 502 omnesque
514 417 566 504 qui
586 438 697 482 nomen
713 419 779 503 ejus
794 429 954 496 auxerunt,
978 425 1012 484 'tit

216 525 344 609 patriam
357 522 463 607 ipsam,
486 524 647 602 veneraris,
668 526 700 589 δε
712 525 821 608 diligis.
866 523 941 589 Peto
955 547 1012 589 au-

218 643 280 693 tem
291 642 325 692 ut
338 629 483 713 piciorem
497 648 589 713 quam
597 627 852 713 diligentiffrmum
867 628 1008 694 affumas.

216 735 311 801 Nam
331 756 403 798 cum
425 735 466 797 cst
479 738 608 798 arduum
628 734 852 798 fimilitudinem
871 734 1013 819 effingere

217 863 255 905 ex
268 862 352 917 vero,
376 853 444 904 tum
457 841 545 923 longe
569 837 747 903 difficillima
770 840 811 903 eii
836 842 1011 905 imitationis

219 946 358 1012 imitatio.
403 944 434 1008 A
447 966 508 1028 qua
525 965 609 1028 rogo,
626 958 660 1009 ut
673 945 828 1022 artificem,
844 967 934 1030 quem
948 946 1011 1009 ele·

216 1052 306 1136 geris,
336 1071 374 1115 ne
409 1053 442 1114 in
472 1053 580 1115 melius
608 1052 731 1137 quidem
759 1050 834 1114 sinas
862 1055 1008 1117 aberrare.

220 1157 308 1222 Vale.

273 1390 380 1435 XXIX·
415 1388 449 1435 C·
475 1386 622 1434 PLINIUS
648 1388 807 1435 ROMANO
832 1387 899 1434 SUO
926 1386 956 1432 8.

218 1536 312 1654 Em
335 1597 380 1658 tu,
404 1603 474 1646 cum
495 1580 631 1664 proxime
655 1598 703 1642 tes
730 1593 865 1664 agentur,
888 1601 1010 1665 quoquo

216 1691 310 1750 modo
329 1687 574 1772 adjudicandum
589 1686 669 1749 veni.
701 1684 793 1750 Nihil
807 1685 858 1762 est,
874 1688 954 1769 quod
977 1688 1009 1749 in

205 1793 354 1854 dextram
376 1813 480 1855 aurem
493 1792 604 1856 fiducia
617 1792 678 1853 mei
691 1792 820 1854 dormias
835 1815 843 1853 ι
874 1789 935 1854 non
949 1792 1009 1854 im-

217 1917 297 1979 pune
314 1897 449 1982 cessatur.
494 1897 584 1973 Ecce,
607 1895 743 1961 Licinius
765 1895 884 1980 Nepos,
899 1912 1009 1981 praetor

215 2023 294 2080 acer,
317 2003 349 2068 ἃ
364 2001 451 2067 fortis
462 2003 520 2080 vir,
544 2004 692 2066 muldiam
707 2003 792 2079 dixit,
809 2003 901 2065 etiam
915 2002 1008 2066 Sena·

216 2109 284 2171 tori.
329 2106 401 2191 Egit
424 2109 475 2171 ille
499 2109 532 2171 in
550 2107 661 2171 Senatu
686 2106 806 2171 causam
821 2108 924 2172 suam:
948 2109 1010 2191 egit
1124 2118 1126 2122 ’

215 2227 317 2277 autem
330 2212 379 2291 fic,
396 2227 430 2277 ut
444 2216 658 2297 deprecaretur.
684 2213 869 2277 Remiffaest
882 2214 1007 2291 mulsia,
1117 2202 1122 2210 ’
1153 2209 1154 2222 ’

215 2316 264 2382 scd
289 2319 402 2395 timuit,
431 2316 480 2381 sed
504 2319 632 2402 rogavit,
654 2317 703 2382 sed
725 2340 799 2404 opus
822 2320 910 2384 venia
933 2315 1005 2381 fuit.

216 2422 322 2502 Dices,
337 2422 414 2488 Non
434 2445 540 2489 omnes
553 2437 694 2509 praetores
708 2437 772 2487 tam
786 2423 888 2488 severi.
935 2424 1007 2488 Fal-

215 2529 296 2593 leris.
340 2528 428 2594 Nam
449 2530 498 2594 vel
519 2528 681 2608 instituere,
708 2532 758 2594 vel
771 2532 912 2594 reducere
929 2528 1007 2627 ejul-

216 2635 300 2701 modi
327 2637 511 2719 exemplum,
535 2656 597 2698 non
612 2636 666 2698 nist
689 2634 799 2700 severit
823 2636 1004 2711 institutum,

214 2741 409 2807 reducumve
433 2760 579 2820 exercere,
605 2742 696 2805 etiam
717 2742 855 2807 leniffnni
875 2740 1004 2826 poliunt.
1055 2817 1057 2824 Ι

216 2846 305 2913 Vale.
