2317 3767
678 7 744 10 *fi
756 9 1123 16 νηὶν--ν--------.-..-,-.-,-.-,-,-ῂἠγη
1134 14 1138 15 ⁷

335 286 338 291 ·
419 271 776 333 eiaanvn'
899 254 961 350 '25'7

170 422 226 497 tio,
244 441 305 486 non
319 419 415 487 facilis
427 425 544 489 electio.
590 424 642 489 Est
656 426 737 490 enim
751 445 789 490 ex
803 424 962 489 virtutibu's

170 529 236 612 ejus
258 530 339 612 larga
352 532 486 607 materia,
509 548 611 595 tamen
625 534 707 617 quod
722 532 856 609 sentiam,
881 530 962 594 indi·

168 634 255 708 cabo,
281 633 303 695 sl
329 634 411 718 prius
433 635 646 701 haefitationem
672 658 774 700 meam
796 638 959 700 ostendero.

170 737 300 815 Dubito,
329 760 405 803 num
433 742 514 804 idem
542 743 597 806 tibi
620 742 751 819 suadere,
775 744 856 827 quod
884 741 961 804 mihi

167 845 303 907 debeam.
349 843 527 928 Defignatus
546 868 603 930 ego
628 846 756 924 Consul,
780 848 865 910 omni
890 848 959 923 hac,

165 950 232 1012 &si
253 968 315 1012 non
334 950 515 1028 adulatione,
538 951 632 1035 specie
655 966 757 1016 tamen
782 952 960 1015 adulationis

164 1054 310 1117 abstinui:
341 1075 402 1117 non
415 1066 557 1139 tanquam
579 1058 655 1118 liber
681 1057 712 1120 δι
736 1056 882 1132 constans,
908 1056 958 1120 sed

164 1169 310 1242 tanquam
335 1160 502 1242 intelligens
520 1158 666 1243 Principis
679 1161 786 1223 nostri:
813 1161 898 1245 cujus
911 1163 957 1224 vi-

163 1263 272 1326 debam
293 1264 371 1326 hanc
398 1264 456 1326 effe
478 1262 659 1348 praecipuam
681 1266 814 1342 laudem,
836 1263 860 1327 fi
882 1267 958 1330 nihil

163 1369 245 1453 quati
266 1390 305 1433 ex
332 1362 500 1433 necestitate
524 1372 724 1434 decernerem.
769 1368 959 1432 Recordabar

163 1474 254 1538 etiam
269 1477 415 1559 plurimos
433 1476 561 1539 honores
575 1474 700 1559 pessimo
713 1462 821 1558 cuique
831 1475 957 1550 delatos,

164 1578 305 1663 aquibus
325 1581 374 1643 bic
393 1578 537 1664 Optimus
556 1580 682 1664 separari
705 1601 766 1643 non
791 1580 852 1642 alio
865 1582 958 1643 modo

163 1683 259 1764 magis
272 1698 397 1767 poterat,
415 1706 507 1769 quam
521 1686 686 1749 divertitate
700 1685 855 1748 censendi:
876 1687 957 1769 quod
1068 1675 1073 1685 ⁸

163 1785 260 1871 ipsum
273 1787 499 1852 diffimulatione
513 1792 543 1855 ἃ
557 1787 673 1854 silentio·
685 1811 746 1853 non
759 1791 898 1875 praetcrii,
918 1800 957 1854 ne

161 1890 238 1956 forte
261 1914 322 1956 non
347 1894 497 1979 judicium
522 1895 597 1958 illud
632 1878 748 1971 meum,
771 1895 819 1958 sed
833 1895 958 1959 'oblivio

160 2001 320 2063 videretur.
364 1999 447 2063 Hoc·
461 2012 533 2062 tunc
557 2015 628 2083 eg0‚·
656 1999 704 2062 sed
731 2020 793 2062 non
814 2002 955 2065 omnibus

139 2108 264 2181 fldem
278 2107 406 2189 placent,
421 2124 477 2167 nec
491 2105 674 2169 conveniunt
692 2104 825 2190 quidem.
870 2106 952 2171 Prae·

135 2195 250 2289 terea,
277 2209 406 2275 faciendi
435 2212 547 2296 aliquid
572 2212 621 2273 vel
646 2228 708 2273 non
729 2208 858 2275 faciendi
882 2232 953 2276 vera

158 2317 245 2395 ratio,
259 2338 330 2381 cum
344 2315 656 2400 hominumipsomm,
668 2329 734 2379 tum
749 2336 850 2380 rerum
860 2317 951 2380 etiam

159 2440 193 2483 ac
212 2434 388 2506 ‘tempomm
408 2422 587 2485 conditione·
601 2431 748 2483 mutatur.
766 2437 773 2447 ··
793 2420 881 2486 Nam
901 2441 950 2485 re-

158 2529 257 2590 centia
270 2548 359 2609 opera
372 2526 497 2590 maximi
520 2524 664 2607 Principis
679 2528 811 2608 praebent
825 2523 951 2605 faculta-

157 2635 233 2708 tem,
248 2628 339 2707 noua,
351 2652 474 2714 magna,
489 2652 576 2706 vera,
597 2629 754 2694 censendi:
778 2631 888 2714 quibus
913 2652 951 2694 cx

156 2736 249 2799 causis
273 2737 320 2818 (ut
343 2733 428 2819 supra
455 2731 690 2820 scripiil'dubito
712 2756 751 2799 an
774 2735 855 2797 idem
869 2755 951 2797 nunc

154 2842 222 2919 tibi,
238 2842 318 2926 quod
340 2853 411 2905 tunc
425 2841 501 2904 mihi
515 2839 665 2904 suadeam.
686 2865 690 2871 ·
712 2838 795 2904 Illud
808 2860 877 2902 non
891 2838 950 2903 du*
