2317 3767
355 281 593 329 ,stara
640 277 720 330 rar(
887 281 942 348 131

149 429 326 492 candidatis.
371 425 478 490 Multa
492 426 616 510 agmina
627 426 661 490 ln
668 425 785 501 medio,
800 423 955 509 multique·

149 534 299 598 circuli&
309 534 449 596 indecora
462 529 617 598 confusio:
642 534 718 595 adeo
732 528 948 594 desciveramus

11 700 16 708 .
152 643 171 705 a
183 638 395 706 consuetudine
408 649 580 722 parentum,
596 638 675 721 apud
689 657 765 722 quos
778 636 882 700 omnia
889 635 948 699 dis·

152 745 252 828 posita,
275 747 441 820 moderata,
469 743 641 828 tranquilla,
671 741 854 828 majestatem
875 743 946 820 loci,

153 854 355 936 pudoremque
374 850 553 912 retinebant.
599 846 760 933 Supersunt
789 847 883 924 senes,
910 869 950 912 ex

152 958 261 1040 quibus
274 957 376 1019 audire
389 954 469 1018 soleo
488 956 569 1018 hunc
590 956 727 1035 ordinem
741 955 946 1032 conitiorum,

154 1061 260 1128 Citato
283 1062 406 1124 nomine
427 1060 589 1136 candidati,
611 1059 760 1124 silentium
781 1059 946 1137 summum,

142 1168 271 1230 dicebat
284 1164 343 1249 ipse
356 1187 410 1250 pro
422 1164 463 1243 se,
491 1167 587 1229 vitam
600 1166 685 1229 suam
697 1167 876 1249 explicabat,
890 1165 947 1228 t'es·

152 1287 196 1335 tes
211 1273 248 1336 ,δι
261 1272 430 1335 laudatores
443 1274 533 1335 dabat
546 1296 554 1335 a
578 1273 628 1335 vel
638 1292 711 1334 eum
724 1270 777 1335 sub
791 1292 852 1355 quo
865 1271 950 1334 mili·

153 1390 277 1454 taverat,
292 1377 342 1439 vel
356 1398 438 1454 eum,
453 1379 502 1440 cui
511 1375 638 1461 quaestor
646 1373 756 1451 fuerat,
771 1376 820 1438 vel
830 1387 949 1438 utrum-

153 1505 223 1569 que,
238 1483 259 1547 fi
273 1495 400 1567 poterat.
444 1481 587 1546 Addebat
602 1480 747 1567 quosdam
757 1500 796 1543 ex
806 1477 949 1563 suffraga-

153 1590 289 1653 toribus:
318 1589 364 1651 illi
393 1589 523 1673 graviter
549 1589 580 1653 &
604 1587 707 1672 paucis
737 1588 947 1672 loquebantur.

153 1694 229 1758 Plus
245 1697 319 1771 hoc,
349 1715 442 1780 quaen
466 1715 568 1779 preces
599 1696 746 1778 proderat.
785 1692 949 1757 Nonnun-

153 1822 249 1886 quam
263 1802 435 1865 candidatus
457 1815 510 1864 aut
530 1800 644 1863 natales
659 1800 871 1885 competitoris,
898 1812 950 1864 aut

152 1927 261 1984 amos,
286 1921 344 1972 aut.
362 1908 454 1970 etiam
479 1927 578 1969 mores
598 1907 751 1989 arguebat.
796 1904 950 1969 Audiebat

153 2014 281 2078 Senatus
303 2015 448 2097 gravitate
476 2012 625 2077 censoria:
657 2013 699 2073 ita
724 2009 830 2095 saepius
853 2011 948 2095 digni,

151 2139 245 2207 quam
259 2120 377 2204 gratiosa
391 2119 605 2203 praevalebant.
649 2117 732 2203 Quae
740 2137 822 2181 nunc
839 2117 950 2179 immo·

154 2228 222 2290 dico
235 2223 340 2290 favore
349 2238 502 2309 corrupta,
520 2226 566 2287 ad
593 2224 683 2288 tacita
704 2221 853 2308 suffragia,
870 2222 951 2307 quasi

154 2336 193 2397 ad
200 2334 385 2409 remedium,
400 2333 604 2395 decurrerunt.
628 2330 723 2416 Quod
731 2330 850 2394 interim
863 2331 952 2415 plane

109 2522 111 2524 ι
154 2440 322 2501 remedium
335 2436 406 2501 suit.
449 2436 616 2500 Eratenim
630 2454 746 2500 novum
762 2435 948 2502 &subitum

158 2543 222 2607 &d
237 2543 352 2622 vercor,
375 2565 415 2606 ne
428 2546 606 2629 procedente
620 2556 754 2626 tempore
775 2564 814 2606 ex
828 2543 889 2627 ipso
903 2565 951 2607 re·
975 2557 977 2564 ’

152 2650 256 2716 medio
275 2650 349 2712 vitia
373 2648 542 2714 nascantm.
586 2647 639 2712 Est
668 2650 750 2711 enim
770 2650 949 2732 periculum,

150 2778 193 2822 ne
214 2755 312 2819 tacitis
324 2753 473 2839 suffragiis
496 2755 682 2839 impudentia
701 2755 819 2838 irrepat.
864 2751 951 2815 Nam

149 2875 245 2948 quoto
271 2862 381 2945 cuique
409 2862 517 2924 eadem
540 2858 701 2924 honestatis
729 2877 801 2922 cura
825 2855 950 2933 secreto,

152 2987 224 3053 quae
258 2967 402 3051 palaml.
446 2966 546 3031 Multi
581 2961 709 3042 samam,
741 2962 953 3030 conscientiam

512 3070 581 3136 Ka
