2317 3767
309 317 311 320 .
389 294 700 344 trunam.
880 296 936 341 111

145 450 282 503 rentem:
306 436 396 521 idque
420 435 517 521 ipsum
539 439 603 502 dixi
624 439 655 504 ἃ
677 438 770 501 libere
794 437 825 502 ἃ
846 439 938 502 varie.

145 546 234 611 Nam
250 546 344 608 modo
364 544 477 627 legatos
501 545 733 628 interrogabam,
759 542 942 630 docuiffentne

145 673 190 714 me
220 649 341 735 aliquid,
378 651 455 734 quod
476 649 625 736 reprobari
643 649 717 737 poffe
742 649 940 737 confidaerentt'

145 758 238 821 modo
261 756 418 840 confilium
444 758 462 821 a
486 755 598 820 Senatu
618 756 768 841 petebam,
788 770 941 842 putaretne

146 862 317 939 deberem,
328 862 362 948 st
381 884 466 947 quam
479 860 610 927 haberem
627 862 659 927 in
682 862 795 928 dicendo
804 863 939 948 faculta-

146 983 214 1045 tem,
237 968 268 1031 in
276 970 412 1053 jugulum
425 968 588 1046 innocentis,
609 968 688 1055 quast
706 970 792 1033 telum
811 969 934 1054 aliquod,

145 1073 311 1137 intendere.-
331 1072 477 1157 postremo
489 1086 587 1137 totum
602 1075 703 1138 locum
721 1076 779 1139 hoe
793 1074 853 1139 fine
865 1095 939 1139 con·

146 1179 231 1258 clust,
260 1178 349 1243 Dicet
370 1179 485 1263 aliquis,
515 1178 642 1265 Judicas
662 1181 761 1265 ergo?
788 1180 849 1265 Ego
869 1203 939 1246 vero

145 1308 200 1347 non
222 1283 335 1369 judico.
378 1284 506 1348 Maniai
528 1300 623 1350 tamen
647 1309 690 1349 me
717 1285 883 1350 advocatum
903 1312 940 1352 ex

139 1391 290 1476 judicibus
316 1393 426 1454 datum.
476 1391 539 1456 Hic
564 1389 807 1454 numeroslffimae
833 1390 940 1455 cauffae

142 1498 289 1561 terminus
317 1495 388 1573 fuit,
410 1496 589 1581 quibusdam
617 1494 784 1574 absolutas
799 1496 937 1581 pluribus

147 1603 310 1679 damnatis,
329 1616 419 1688 atque
437 1601 528 1666 etiam
553 1602 707 1686 relegatisz
732 1601 799 1665 aliis
813 1601 846 1665 in
859 1614 938 1667 tem-

148 1727 220 1791 pus,
241 1708 305 1770 aliis
319 1712 351 1772 in
372 1722 558 1793 perpetuum.
603 1707 721 1774 Eodem
742 1706 939 1774 senatuscon·
1044 1685 1084 1732 ἰ’

147 1812 229 1876 fulto
250 1812 399 1891 industria,
425 1812 512 1892 fides,
531 1813 694 1879 constantia
714 1813 811 1879 nostra
829 1813 938 1900 plenis·

148 1919 224 1983 fimo
248 1917 415 1983 testimonio
428 1921 621 2004 comprobata
644 1920 706 1983 est:
730 1921 868 2005 dignum,
890 1921 937 1986 so-

147 2028 273 2111 lumque
302 2046 355 2109 par
384 2024 519 2108 pretium.
538 2027 616 2089 tanti
649 2027 769 2091 labon'a.
820 2026 934 2093 Conci-

146 2154 216 2216 pere
241 2132 345 2195 animo
366 2144 462 2216 potes,
491 2151 584 2215 quam
603 2130 694 2196 samua
713 2129 841 2217 fatigati,
869 2134 937 2218 qui-

148 2238 206 2301 bus
252 2238 340 2300 toties
382 2239 544 2320 agendum,
587 2238 675 2302 toties
719 2240 935 2320 altercandum,

149 2357 212 2405 tarn
238 2344 327 2406 multi
341 2342 426 2406 testes
445 2343 657 2427 interrogandi,
682 2342 866 2423 sublevandi,
884 2363 936 2410 re·

146 2446 277 2512 futandi.
321 2448 393 2532 Jam
418 2450 483 2526 illa,
504 2470 597 2534 quam
622 2453 727 2529 ardua,
751 2473 844 2538 quam
868 2474 937 2517 mo-

148 2552 240 2617 lesta:
273 2567 318 2617 tot
342 2576 461 2618 reorum
495 2554 600 2619 amicis
627 2554 738 2621 secreto
765 2559 937 2643 rogantibus

147 2680 266 2742 negare,
292 2660 515 2724 adversantibus
536 2663 637 2745 palam
662 2661 814 2727 obfistere?
842 2659 936 2727 Refe-

147 2785 214 2827 ram
239 2786 336 2829 unum
360 2766 482 2851 aliquod
505 2788 543 2831 ex
567 2769 619 2845 iia,
639 2789 708 2853 quae
732 2770 806 2833 dixi
851 2767 937 2832 Cum

147 2870 225 2933 mihi
245 2870 369 2955 quidam
394 2868 412 2934 ὃ
431 2872 584 2956 judicibus
598 2873 664 2958 ipfis
677 2892 733 2958 pro
756 2895 808 2937 100
826 2873 937 2957 gratio·

147 2973 254 3038 fiffimo
273 2977 480 3055 reclamarent,
501 2977 569 3043 Non
596 2979 700 3057 minus,
727 2980 864 3066 inquam,
890 2977 937 3044 hic
