2317 3767
409 292 677 340 LIBERI·
899 295 934 339 11

147 453 264 519 quoque
277 447 331 498 tua
344 456 471 518 meaque
484 434 544 497 fide
558 432 653 499 Gallo
669 432 938 497 confirmaturum:

145 542 194 603 cui
219 553 321 603 tamen
329 542 397 626 jam
420 561 501 604 nunc
520 540 590 602 licet
613 537 755 622 spondeas
775 541 813 602 de
835 540 939 604 animo

143 668 225 724 meu,

187 748 234 820 H'5
259 758 311 821 καὶ
334 750 488 836 κυανέῃσιν
510 754 557 819 ἐπ’
578 749 686 833 ὀφρύσι
699 754 784 819 νεῦσε
798 755 933 836 Κρονίων.

20 873 21 876 ’
146 858 215 924 Cur
227 861 309 922 enim
323 882 386 923 non
399 859 607 944 usquequaque
620 855 791 924 Homericis
805 857 935 922 verfibus

144 965 233 1048 agam
255 968 377 1028 tecum?
401 978 546 1048 quatenus
568 976 602 1026 tu
627 964 750 1026 metuis
769 983 854 1047 agere
872 985 935 1027 non

143 1070 272 1153 paterist
296 1091 424 1153 quorum
445 1082 528 1140 tanta
540 1071 700 1153 cupiditate
714 1072 815 1146 ardeo,
840 1082 874 1131 ut
887 1070 934 1132 vi-

143 1178 215 1237 dear
229 1176 307 1237 mihi
321 1177 376 1237 hac
389 1175 450 1238 sola
470 1176 605 1238 mercede
621 1175 699 1259 poffe
712 1176 875 1259 corrumpi,
900 1187 934 1238 ut

142 1281 192 1342 vel
206 1294 311 1343 contra
325 1281 451 1345 Baeticos
465 1280 567 1343 adfim.
601 1280 681 1344 Pene
700 1282 838 1363 praeterii,
853 1282 933 1364 quod

142 1387 272 1448 minime
291 1389 528 1469 praetereundum
543 1384 615 1462 fuit,
639 1385 778 1469 accepisse
795 1407 845 1448 me
858 1386 934 1449 cari·

141 1505 207 1554 otas
230 1493 372 1575 optimas,
396 1513 465 1575 quae
486 1512 567 1554 nunc
591 1512 662 1555 cum
685 1490 750 1554 ficis
775 1491 806 1554 &
828 1490 936 1554 boletis

145 1598 321 1659 certandum
334 1597 458 1660 habent.
504 1596 593 1659 Vale.

148 1825 250 1880 ‚vnn
276 1826 308 1870 C·
335 1825 482 1870 PLINIUS
506 1825 670 1871 romulo
694 1825 910 1873 summo

480 1929 546 1975 SUO
570 1931 600 1973 S.

142 2078 452 2187 Pssnorronwuu
463 2105 848 2187 miffiredditaesuntliterae
858 2133 933 2200 tuae,

140 2229 249 2310 qussms
264 2226 432 2310 flagitabaS,
447 2241 481 2290 ut
490 2229 546 2292 tibi
557 2229 669 2313 aliquid
680 2250 718 2292 ex
731 2227 844 2312 scriptis
856 2230 933 2292 meis

140 2334 305 2408 mitterem,
329 2353 399 2395 cum
418 2355 473 2417 ego
484 2336 515 2397 id
530 2332 626 2418 ipsum
637 2334 832 2399 deffinaffem.
863 2335 932 2400 Ad·

82 2419 85 2426 *
139 2438 236 2500 didisti
259 2459 329 2521 ergo
350 2440 476 2502 calcaria
490 2438 591 2524 sponte
605 2442 746 2518 currenti,
767 2442 932 2525 pan'terque

140 2545 170 2606 ἀ
192 2544 247 2606 tibi
271 2544 392 2607 veniam
415 2543 567 2608 recusandi
588 2546 710 2623 laboris,
730 2548 762 2611 δι
776 2547 852 2611 mihi
866 2548 932 2611 exi·

141 2651 228 2733 gendi
241 2652 453 2714 verecundiam
468 2649 613 2715 sustulisti.
657 2652 744 2717 Nam
758 2674 813 2717 nec
827 2673 878 2716 me
891 2652 932 2715 ti-

140 2754 220 2817 mide
232 2757 276 2819 uti
291 2758 375 2819 decet
388 2778 423 2820 00
436 2759 517 2840 quod
528 2758 664 2821 oblatum
675 2757 736 2836 τῆς
759 2772 852 2822 necte
861 2778 931 2841 gra·

140 2863 204 2924 vari
217 2865 298 2947 quod
314 2862 513 2947 depoposcisti.
547 2862 617 2929 Nec
631 2863 671 2927 est
681 2877 783 2928 tamen
796 2864 877 2947 quod
891 2864 930 2929 ab

139 2967 264 3031 homine
286 2968 425 3034 defidioso
446 2967 558 3056 aliquid
577 2971 650 3034 novi
669 2970 766 3056 operis
780 2969 929 3055 expeQet.
