2317 3767
224 280 287 343 422
382 284 843 330 c.P1.1rt.EP1sToLAR.

416 549 536 595 xxvii.
568 550 626 593 TR.
644 549 768 594 PLINIO
795 549 824 592 S<-

232 691 377 802 Recta
412 739 587 805 renunciasti
623 741 666 803 mi
695 738 826 802 Secunde
858 739 1016 804 carisiime.
1087 744 1094 749 '

228 841 361 907 Pertinet
382 844 463 907 enim
478 848 514 907 ad
530 845 665 907 animum
677 865 792 921 meum,
816 846 896 929 quali
911 847 1021 908 itinere

229 951 260 1010 in
269 951 451 1032 provinciam
463 952 627 1035 pervenias.
658 939 820 1013 Prudenter
831 964 930 1012 autem
942 971 1019 1013 con·

227 1053 331 1129 stituis,
356 1055 475 1117 interim
501 1057 640 1133 navibus,
664 1056 784 1117 interim
799 1056 943 1120 vehiculis
958 1056 1017 1132 uti,

227 1172 314 1243 prout
328 1162 393 1224 loca
407 1159 554 1225 suaserint.
627 1190 630 1195 ·

306 1390 457 1439 xxvur.
494 1391 525 1435 C·
550 1392 695 1449 mutus
721 1390 779 1434 ΤΒ.
804 1392 883 1435 ΙΜΡ.
907 1392 936 1435 S.
1005 1387 1007 1391 ’

237 1536 363 1648 Srcur
384 1581 607 1646 saluberrimam
619 1582 851 1664 navigationem,
869 1582 1019 1659 Domine,

231 1687 320 1773 usque
340 1687 490 1773 Ephesum
523 1701 678 1771 expertus:
706 1689 748 1750 ita
773 1687 841 1750 inde
863 1686 1019 1771 postquam

228 1795 371 1857 vehiculis
393 1795 447 1858 iter
473 1792 569 1857 facere
583 1794 673 1876 coepi,
697 1792 871 1876 gravissimis
885 1792 1017 1869 aestibus,

229 1910 316 1981 atque
331 1900 421 1961 etiam
436 1895 586 1962 febriculis
601 1911 724 1983 vexatus
739 1896 876 1979 Pergami
891 1897 1015 1961 substiti.

230 2000 343 2065 Rursus
368 2003 450 2066 enim
478 2002 637 2093 transissem
662 2003 693 2065 ln
717 2005 827 2065 orarias
853 2003 1016 2079 naviculas,

229 2108 381 2169 contrariis
410 2110 506 2170 ventis
540 2121 683 2185 retentus,
719 2109 871 2191 aliquanto
904 2109 1020 2170 tardius

230 2214 321 2296 quam
332 2211 526 2294 speraveram,
550 2215 580 2274 id
596 2213 636 2275 esi
649 2236 701 2277 xv.
720 2213 790 2278 Cal.
808 2212 950 2276 Ociobris
965 2212 1021 2277 Bi-

229 2317 364 2403 thyniam
379 2318 499 2380 intravi.
544 2319 620 2382 Non
631 2318 746 2402 possum
761 2333 861 2383 tamen
879 2320 916 2380 de
935 2337 1022 2380 mora

230 2424 324 2506 queri,
345 2443 414 2484 cum
430 2423 506 2485 mihi
520 2424 686 2506 contigerit,
702 2427 789 2507 'quod
811 2438 873 2487 erat
887 2423 1020 2508 auspica-

230 2528 382 2603 tissimum,
404 2528 534 2591 nataiem
548 2542 636 2590 tuum
651 2528 682 2590 in
694 2510 845 2613 provincia
858 2531 1017 2592 celebrare.

145 2651 149 2656 ’
229 2633 324 2698 Nunc
349 2633 437 2716 Reip.
469 2631 655 2696 Pruseniium
681 2636 842 2718 impendia,
872 2635 1018 2711 redditus,

229 2739 376 2800 debitores
391 2738 518 2814 excutio,
546 2741 624 2822 quod
640 2761 677 2801 ex
691 2739 753 2822 ipso
764 2740 859 2802 traciu
874 2740 970 2822 magis
985 2760 1019 2800 ac

231 2846 323 2927 magis
338 2844 529 2908 necessarium
542 2845 685 2927 intelligo.
731 2844 842 2907 Multae
863 2846 945 2907 enim
965 2864 1018 2927 pe-

229 2952 326 3017 cuniae
352 2952 440 3013 variis
465 2972 502 3013 ex
526 2950 619 3013 causis
643 2953 660 3014 a
684 2950 805 3034 privatis
827 2951 1017 3013 detinentur:
