2317 3767
319 292 323 301 .
417 255 779 307 erarium
897 257 959 327 253

167 418 395 486 piamonem,
415 402 580 483 plurimum
602 402 657 466 tibi
678 400 793 484 credat,
817 417 871 463 nec
892 397 958 461 cui·

167 527 262 590 quam
285 505 354 571 satis
372 507 469 570 fidas:
492 506 599 569 deinde
621 506 705 582 scias,
731 505 753 568 sr
775 505 842 590 quie
866 501 957 582 forte,

166 614 247 696 quod
261 613 428 688 abominor,
451 608 548 688 fallat,
572 625 707 695 paratam
720 611 879 687 ultionem,
897 631 958 694 qua

166 728 267 780 tamen
282 737 320 782 ne
340 717 374 780 sit
397 739 483 802 opus,
508 716 600 779 etiarn
619 731 707 801 atque
721 717 812 780 etiam
826 718 955 780 attende.

166 819 277 906 Neque
290 822 371 886 eninr
385 834 449 885 tarn
459 824 630 907 jucundum
643 822 683 884 est
697 822 853 902 vindicari,
865 842 957 907 quarn

167 927 261 1011 decipi
276 926 429 990 miserum.
475 926 563 990 Vale.

210 1156 333 1201 xxm.
367 1158 400 1202 C.
430 1157 576 1201 PLINIUS
605 1157 762 1203 TRIARIO
788 1157 856 1203 SUO
880 1159 910 1202 S.

169 1303 340 1413 Iuruuse
364 1347 450 1431 petis,
472 1362 505 1411 ut
525 1367 614 1432 agam
628 1346 746 1412 causam
757 1348 953 1432 pertinentem

163 1456 202 1516 ad
217 1475 321 1518 curam
346 1468 442 1529 tuam,
465 1455 620 1536 pulchram
645 1454 778 1538 alioquin
802 1454 833 1517 δι
854 1450 954 1516 famo-

164 1558 245 1622 sam:
269 1555 391 1635 faciam,
421 1558 470 1621 sed
495 1581 557 1622 non
578 1560 680 1643 gratie.
725 1557 793 1644 Qui
811 1556 876 1620 fieri
897 1579 951 1642 po-

165 1663 218 1726 test
235 1662 356 1748 (inquis)
378 1679 486 1728 utnon
507 1665 619 1748 gratis?
644 1677 677 1727 tu
691 1677 784 1748 potes.
822 1661 953 1746 Exigam

164 1770 247 1832 enim
275 1773 441 1834 mercedem
463 1770 659 1834 honestiorem
677 1769 804 1853 gratuito
824 1770 962 1854 patroci-

163 1875 226 1937 nio.
271 1873 345 1940 Peto
359 1888 448 1959 atque
467 1875 558 1939 etiam
572 1874 711 1958 paciscor,
735 1890 768 1939 ut
786 1874 873 1938 simul
883 1888 952 1960 agat

164 1978 340 2044 Cremutius
355 1980 449 2057 Ruso,
472 1979 593 2044 solitum
615 1981 672 2043 hoc
692 1981 781 2058 mihi,
798 1981 905 2066 &jam
917 1982 951 2067 in

160 2086 295 2169 pluribus
310 2086 397 2149 claris
408 2084 640 2149 adolescentibus
653 2083 833 2151 fauienm.
864 2085 952 2151 Nam

160 2192 237 2254 mire
252 2189 426 2276 concupisco
450 2192 545 2254 bonos
556 2191 684 2275 juvenes
705 2192 855 2257 ostendere
870 2189 949 2270 foro,

161 2294 301 2378 allignare
324 2294 426 2360 famae.
472 2295 565 2380 Quod
584 2297 680 2375 ficui,
703 2297 836 2382 praestare
851 2296 949 2362 Ruso·

161 2399 195 2461 ni
214 2420 282 2462 meo
303 2403 409 2478 debeo,
432 2402 480 2463 vel
502 2414 621 2486 propter
639 2405 751 2469 natales
774 2402 873 2489 ipsius,
900 2404 949 2467 vel

161 2517 280 2588 propter
292 2507 433 2569 eximiam
449 2508 509 2570 mei
530 2508 704 2572 caritatem:
731 2494 822 2594 quem
844 2507 949 2590 magni

162 2607 275 2671 aestimo
289 2610 320 2672 in
336 2609 437 2674 iisdem
447 2612 579 2696 judiciis,
602 2635 641 2677 ex
658 2613 761 2678 iisdem
773 2615 865 2678 etiam
879 2631 947 2695 par·

160 2714 242 2778 tibus
252 2714 390 2800 conspici,
413 2718 519 2781 audiri.
564 2716 678 2802 Obliga
698 2740 760 2796 me,
780 2719 880 2800 obliga
893 2736 948 2779 an-

160 2831 282 2904 tequam
295 2821 383 2885 dicat.
427 2822 598 2888 Nemeum
612 2825 732 2902 dixerit,
743 2823 851 2907 gratias
866 2842 944 2905 agee.

160 2924 309 3011 Spondeo,
333 2927 509 2995 solicitudini
530 2943 603 3005 tuae,
632 2929 691 3013 spei
715 2949 803 3004 meae,
829 2928 946 3012 magni-
