<?xml version="1.0" encoding="UTF-8"?>
<!DOCTYPE html PUBLIC "-//W3C//DTD XHTML 1.0 Transitional//EN"
    "http://www.w3.org/TR/xhtml1/DTD/xhtml1-transitional.dtd">
<html xmlns="http://www.w3.org/1999/xhtml" xml:lang="en" lang="en">
 <head>
  <title>
</title>
<meta http-equiv="Content-Type" content="text/html;charset=utf-8" />
  <meta name='ocr-system' content='tesseract 3.04.00' />
  <meta name='ocr-capabilities' content='ocr_page ocr_carea ocr_par ocr_line ocrx_word'/>
</head>
<body>
  <div class='ocr_page' id='page_1' title='image "./cpliniicciliise01plingoog_0173.png"; bbox 0 0 2317 3767; ppageno 0'>
   <div class='ocr_carea' id='block_1_1' title="bbox 406 296 946 374">
    <p class='ocr_par' dir='ltr' id='par_1_1' title="bbox 406 296 946 374">
     <span class='ocr_line' id='line_1_1' title="bbox 406 296 946 374; baseline 0 -31"><span class='ocrx_word' id='word_1_1' title='bbox 406 297 701 374; x_wconf 75' lang='lat' dir='ltr'>rrssntv.</span> <span class='ocrx_word' id='word_1_2' title='bbox 887 296 946 363; x_wconf 81' lang='lat'>155</span> 
     </span>
    </p>
   </div>
   <div class='ocr_carea' id='block_1_2' title="bbox 144 438 949 3057">
    <p class='ocr_par' dir='ltr' id='par_1_2' title="bbox 144 438 949 2847">
     <span class='ocr_line' id='line_1_2' title="bbox 152 438 945 525; baseline -0.001 -20"><span class='ocrx_word' id='word_1_3' title='bbox 152 440 318 505; x_wconf 81' lang='lat' dir='ltr'>resumam:</span> <span class='ocrx_word' id='word_1_4' title='bbox 336 440 469 516; x_wconf 88' lang='lat' dir='ltr'>interim,</span> <span class='ocrx_word' id='word_1_5' title='bbox 485 461 523 502; x_wconf 93' lang='lat' dir='ltr'>ne</span> <span class='ocrx_word' id='word_1_6' title='bbox 534 441 607 525; x_wconf 94' lang='lat' dir='ltr'>quid</span> <span class='ocrx_word' id='word_1_7' title='bbox 618 438 795 503; x_wconf 85' lang='lat' dir='ltr'>festinationi</span> <span class='ocrx_word' id='word_1_8' title='bbox 804 460 881 504; x_wconf 76' lang='lat' dir='ltr'>mere</span> <span class='ocrx_word' id='word_1_9' title='bbox 892 459 945 523; x_wconf 90' lang='lat' dir='ltr'>pe·</span> 
     </span>
     <span class='ocr_line' id='line_1_3' title="bbox 153 544 947 630; baseline -0.001 -20"><span class='ocrx_word' id='word_1_10' title='bbox 153 562 229 623; x_wconf 88' lang='lat' dir='ltr'>reat,</span> <span class='ocrx_word' id='word_1_11' title='bbox 242 548 324 630; x_wconf 89' lang='lat' dir='ltr'>quod</span> <span class='ocrx_word' id='word_1_12' title='bbox 335 544 401 608; x_wconf 87' lang='lat' dir='ltr'>sum</span> <span class='ocrx_word' id='word_1_13' title='bbox 410 545 535 629; x_wconf 81' lang='lat' dir='ltr'>praesens</span> <span class='ocrx_word' id='word_1_14' title='bbox 546 546 703 629; x_wconf 83' lang='lat' dir='ltr'>petiturus,</span> <span class='ocrx_word' id='word_1_15' title='bbox 716 547 773 608; x_wconf 85' lang='lat' dir='ltr'>hac</span> <span class='ocrx_word' id='word_1_16' title='bbox 782 544 947 629; x_wconf 86' lang='lat' dir='ltr'>qualiprae·</span> 
     </span>
     <span class='ocr_line' id='line_1_4' title="bbox 151 649 947 735; baseline -0.001 -20"><span class='ocrx_word' id='word_1_17' title='bbox 151 651 422 734; x_wconf 82' lang='lat' dir='ltr'>cursoriaepistola</span> <span class='ocrx_word' id='word_1_18' title='bbox 447 672 530 733; x_wconf 89' lang='lat' dir='ltr'>rogo,</span> <span class='ocrx_word' id='word_1_19' title='bbox 561 649 610 712; x_wconf 88' lang='lat' dir='ltr'>sed</span> <span class='ocrx_word' id='word_1_20' title='bbox 628 651 710 733; x_wconf 82' lang='lat' dir='ltr'>prius</span> <span class='ocrx_word' id='word_1_21' title='bbox 732 652 831 735; x_wconf 83' lang='lat' dir='ltr'>accipe</span> <span class='ocrx_word' id='word_1_22' title='bbox 846 650 947 715; x_wconf 76' lang='lat' dir='ltr'>causas</span> 
     </span>
     <span class='ocr_line' id='line_1_5' title="bbox 153 754 947 840; baseline -0.003 -20"><span class='ocrx_word' id='word_1_23' title='bbox 153 758 288 840; x_wconf 85' lang='lat' dir='ltr'>rogandi,</span> <span class='ocrx_word' id='word_1_24' title='bbox 312 758 419 819; x_wconf 89' lang='lat' dir='ltr'>deinde</span> <span class='ocrx_word' id='word_1_25' title='bbox 444 755 552 838; x_wconf 90' lang='lat' dir='ltr'>ipsum,</span> <span class='ocrx_word' id='word_1_26' title='bbox 576 758 658 838; x_wconf 90' lang='lat' dir='ltr'>quod</span> <span class='ocrx_word' id='word_1_27' title='bbox 682 768 761 839; x_wconf 86' lang='lat' dir='ltr'>peto.</span> <span class='ocrx_word' id='word_1_28' title='bbox 806 754 947 819; x_wconf 79' lang='lat' dir='ltr'>Proxime</span> 
     </span>
     <span class='ocr_line' id='line_1_6' title="bbox 152 859 947 945; baseline -0.001 -20"><span class='ocrx_word' id='word_1_29' title='bbox 152 884 224 925; x_wconf 90' lang='lat' dir='ltr'>cum</span> <span class='ocrx_word' id='word_1_30' title='bbox 240 865 273 925; x_wconf 90' lang='lat' dir='ltr'>in</span> <span class='ocrx_word' id='word_1_31' title='bbox 286 863 382 945; x_wconf 89' lang='lat' dir='ltr'>patria</span> <span class='ocrx_word' id='word_1_32' title='bbox 391 883 461 924; x_wconf 91' lang='lat' dir='ltr'>mea</span> <span class='ocrx_word' id='word_1_33' title='bbox 474 859 532 937; x_wconf 85' lang='lat' dir='ltr'>fui,</span> <span class='ocrx_word' id='word_1_34' title='bbox 547 862 631 924; x_wconf 88' lang='lat' dir='ltr'>venit</span> <span class='ocrx_word' id='word_1_35' title='bbox 644 864 681 923; x_wconf 89' lang='lat' dir='ltr'>ad</span> <span class='ocrx_word' id='word_1_36' title='bbox 696 882 746 923; x_wconf 88' lang='lat' dir='ltr'>me</span> <span class='ocrx_word' id='word_1_37' title='bbox 759 860 947 925; x_wconf 84' lang='lat' dir='ltr'>salutandum</span> 
     </span>
     <span class='ocr_line' id='line_1_7' title="bbox 154 964 945 1051; baseline -0.003 -20"><span class='ocrx_word' id='word_1_38' title='bbox 154 969 316 1051; x_wconf 90' lang='lat' dir='ltr'>municipis</span> <span class='ocrx_word' id='word_1_39' title='bbox 344 968 404 1029; x_wconf 91' lang='lat' dir='ltr'>mei</span> <span class='ocrx_word' id='word_1_40' title='bbox 426 967 505 1029; x_wconf 87' lang='lat' dir='ltr'>filius</span> <span class='ocrx_word' id='word_1_41' title='bbox 528 979 730 1051; x_wconf 71' lang='lat' dir='ltr'>praetextatus.</span> <span class='ocrx_word' id='word_1_42' title='bbox 774 964 858 1030; x_wconf 89' lang='lat' dir='ltr'>Huic</span> <span class='ocrx_word' id='word_1_43' title='bbox 878 986 945 1048; x_wconf 89' lang='lat' dir='ltr'>ego,</span> 
     </span>
     <span class='ocr_line' id='line_1_8' title="bbox 154 1070 947 1155; baseline 0.001 -20"><span class='ocrx_word' id='word_1_44' title='bbox 154 1074 292 1140; x_wconf 72' lang='lat' dir='ltr'>Studes?</span> <span class='ocrx_word' id='word_1_45' title='bbox 314 1073 448 1155; x_wconf 89' lang='lat' dir='ltr'>inquam.</span> <span class='ocrx_word' id='word_1_46' title='bbox 508 1070 683 1155; x_wconf 83' lang='lat' dir='ltr'>Respondit,</span> <span class='ocrx_word' id='word_1_47' title='bbox 706 1072 817 1136; x_wconf 78' lang='lat' dir='ltr'>Etiam.</span> <span class='ocrx_word' id='word_1_48' title='bbox 848 1071 947 1136; x_wconf 75' lang='lat' dir='ltr'>‚Ubis’</span> 
     </span>
     <span class='ocr_line' id='line_1_9' title="bbox 154 1177 948 1262; baseline -0.003 -21"><span class='ocrx_word' id='word_1_49' title='bbox 154 1178 328 1241; x_wconf 85' lang='lat' dir='ltr'>Mediolani.</span> <span class='ocrx_word' id='word_1_50' title='bbox 373 1179 436 1241; x_wconf 86' lang='lat' dir='ltr'>Cur</span> <span class='ocrx_word' id='word_1_51' title='bbox 457 1201 509 1239; x_wconf 89' lang='lat' dir='ltr'>non</span> <span class='ocrx_word' id='word_1_52' title='bbox 523 1177 603 1241; x_wconf 78' lang='lat' dir='ltr'>hic?</span> <span class='ocrx_word' id='word_1_53' title='bbox 625 1178 843 1262; x_wconf 76' lang='lat' dir='ltr'>&amp;patereJusi</span> <span class='ocrx_word' id='word_1_54' title='bbox 873 1178 948 1262; x_wconf 84' lang='lat' dir='ltr'>(erat</span> 
     </span>
     <span class='ocr_line' id='line_1_10' title="bbox 153 1278 946 1366; baseline -0.003 -20"><span class='ocrx_word' id='word_1_55' title='bbox 153 1286 237 1346; x_wconf 92' lang='lat' dir='ltr'>enim</span> <span class='ocrx_word' id='word_1_56' title='bbox 253 1305 324 1360; x_wconf 90' lang='lat' dir='ltr'>una,</span> <span class='ocrx_word' id='word_1_57' title='bbox 348 1296 436 1366; x_wconf 88' lang='lat' dir='ltr'>atque</span> <span class='ocrx_word' id='word_1_58' title='bbox 449 1283 542 1345; x_wconf 89' lang='lat' dir='ltr'>etiam</span> <span class='ocrx_word' id='word_1_59' title='bbox 558 1282 616 1366; x_wconf 83' lang='lat' dir='ltr'>ipse</span> <span class='ocrx_word' id='word_1_60' title='bbox 631 1284 794 1345; x_wconf 83' lang='lat' dir='ltr'>adduxerat</span> <span class='ocrx_word' id='word_1_61' title='bbox 806 1278 946 1366; x_wconf 87' lang='lat' dir='ltr'>puerum)</span> 
     </span>
     <span class='ocr_line' id='line_1_11' title="bbox 152 1386 947 1474; baseline -0.003 -22"><span class='ocrx_word' id='word_1_62' title='bbox 152 1390 221 1474; x_wconf 80' lang='lat' dir='ltr'>quia</span> <span class='ocrx_word' id='word_1_63' title='bbox 247 1392 335 1452; x_wconf 82' lang='lat' dir='ltr'>nullos</span> <span class='ocrx_word' id='word_1_64' title='bbox 363 1388 410 1451; x_wconf 78' lang='lat' dir='ltr'>hic</span> <span class='ocrx_word' id='word_1_65' title='bbox 431 1402 615 1474; x_wconf 83' lang='lat' dir='ltr'>praeceptores</span> <span class='ocrx_word' id='word_1_66' title='bbox 643 1386 787 1450; x_wconf 78' lang='lat' dir='ltr'>hahemus.</span> <span class='ocrx_word' id='word_1_67' title='bbox 843 1386 947 1474; x_wconf 59' lang='lat' dir='ltr'>Quare</span> 
     </span>
     <span class='ocr_line' id='line_1_12' title="bbox 154 1493 949 1577; baseline -0.003 -19"><span class='ocrx_word' id='word_1_68' title='bbox 154 1496 278 1558; x_wconf 78' lang='lat' dir='ltr'>nullos?</span> <span class='ocrx_word' id='word_1_69' title='bbox 320 1493 400 1558; x_wconf 87' lang='lat' dir='ltr'>Nam</span> <span class='ocrx_word' id='word_1_70' title='bbox 420 1493 598 1558; x_wconf 76' lang='lat' dir='ltr'>vehementer</span> <span class='ocrx_word' id='word_1_71' title='bbox 619 1493 758 1557; x_wconf 80' lang='lat' dir='ltr'>intererat</span> <span class='ocrx_word' id='word_1_72' title='bbox 769 1493 875 1577; x_wconf 68' lang='lat' dir='ltr'>vestra,</span> <span class='ocrx_word' id='word_1_73' title='bbox 899 1493 949 1575; x_wconf 80' lang='lat' dir='ltr'>qui</span> 
     </span>
     <span class='ocr_line' id='line_1_13' title="bbox 149 1600 947 1686; baseline -0.003 -23"><span class='ocrx_word' id='word_1_74' title='bbox 149 1614 249 1686; x_wconf 84' lang='lat' dir='ltr'>patres</span> <span class='ocrx_word' id='word_1_75' title='bbox 290 1600 352 1684; x_wconf 85' lang='lat' dir='ltr'>estis</span> <span class='ocrx_word' id='word_1_76' title='bbox 389 1602 431 1683; x_wconf 67' lang='lat' dir='ltr'>l&amp;</span> <span class='ocrx_word' id='word_1_77' title='bbox 455 1612 620 1684; x_wconf 80' lang='lat' dir='ltr'>opportune</span> <span class='ocrx_word' id='word_1_78' title='bbox 649 1600 815 1683; x_wconf 82' lang='lat' dir='ltr'>complures</span> <span class='ocrx_word' id='word_1_79' title='bbox 851 1610 947 1682; x_wconf 86' lang='lat' dir='ltr'>patres</span> 
     </span>
     <span class='ocr_line' id='line_1_14' title="bbox 153 1702 943 1791; baseline -0.001 -23"><span class='ocrx_word' id='word_1_80' title='bbox 153 1702 327 1783; x_wconf 85' lang='lat' dir='ltr'>audiebant)</span> <span class='ocrx_word' id='word_1_81' title='bbox 357 1705 457 1768; x_wconf 84' lang='lat' dir='ltr'>liberos</span> <span class='ocrx_word' id='word_1_82' title='bbox 474 1708 579 1790; x_wconf 76' lang='lat' dir='ltr'>vestros</span> <span class='ocrx_word' id='word_1_83' title='bbox 594 1705 642 1768; x_wconf 80' lang='lat' dir='ltr'>hic</span> <span class='ocrx_word' id='word_1_84' title='bbox 650 1705 860 1791; x_wconf 72' lang='lat' dir='ltr'>potifflmumdi</span> <span class='ocrx_word' id='word_1_85' title='bbox 872 1727 943 1767; x_wconf 84' lang='lat' dir='ltr'>cere.</span> 
     </span>
     <span class='ocr_line' id='line_1_15' title="bbox 154 1810 946 1895; baseline 0.003 -21"><span class='ocrx_word' id='word_1_86' title='bbox 154 1810 221 1874; x_wconf 92' lang='lat' dir='ltr'>Ubi</span> <span class='ocrx_word' id='word_1_87' title='bbox 241 1811 320 1873; x_wconf 90' lang='lat' dir='ltr'>enim</span> <span class='ocrx_word' id='word_1_88' title='bbox 335 1823 386 1873; x_wconf 90' lang='lat' dir='ltr'>aut</span> <span class='ocrx_word' id='word_1_89' title='bbox 395 1812 557 1895; x_wconf 89' lang='lat' dir='ltr'>jucundius</span> <span class='ocrx_word' id='word_1_90' title='bbox 572 1824 767 1888; x_wconf 87' lang='lat' dir='ltr'>morarentur,</span> <span class='ocrx_word' id='word_1_91' title='bbox 798 1831 890 1894; x_wconf 90' lang='lat' dir='ltr'>quam</span> <span class='ocrx_word' id='word_1_92' title='bbox 913 1812 946 1876; x_wconf 88' lang='lat' dir='ltr'>in</span> 
     </span>
     <span class='ocr_line' id='line_1_16' title="bbox 153 1915 945 2000; baseline 0.004 -23"><span class='ocrx_word' id='word_1_93' title='bbox 153 1916 268 1999; x_wconf 84' lang='lat' dir='ltr'>patria?</span> <span class='ocrx_word' id='word_1_94' title='bbox 301 1931 352 1979; x_wconf 90' lang='lat' dir='ltr'>aut</span> <span class='ocrx_word' id='word_1_95' title='bbox 371 1918 506 2000; x_wconf 90' lang='lat' dir='ltr'>pudicius</span> <span class='ocrx_word' id='word_1_96' title='bbox 519 1918 751 1993; x_wconf 89' lang='lat' dir='ltr'>continerentur,</span> <span class='ocrx_word' id='word_1_97' title='bbox 781 1937 873 2000; x_wconf 87' lang='lat' dir='ltr'>quam</span> <span class='ocrx_word' id='word_1_98' title='bbox 891 1915 945 1980; x_wconf 88' lang='lat' dir='ltr'>sub</span> 
     </span>
     <span class='ocr_line' id='line_1_17' title="bbox 150 2002 944 2106; baseline 0.003 -23"><span class='ocrx_word' id='word_1_99' title='bbox 150 2023 247 2085; x_wconf 74' lang='lat' dir='ltr'>oculisv</span> <span class='ocrx_word' id='word_1_100' title='bbox 255 2025 432 2105; x_wconf 86' lang='lat' dir='ltr'>parentum?</span> <span class='ocrx_word' id='word_1_101' title='bbox 448 2034 500 2084; x_wconf 89' lang='lat' dir='ltr'>aut</span> <span class='ocrx_word' id='word_1_102' title='bbox 514 2024 630 2085; x_wconf 90' lang='lat' dir='ltr'>minore</span> <span class='ocrx_word' id='word_1_103' title='bbox 645 2020 776 2105; x_wconf 87' lang='lat' dir='ltr'>sumptu,</span> <span class='ocrx_word' id='word_1_104' title='bbox 788 2002 944 2106; x_wconf 88' lang='lat' dir='ltr'>quamdo·</span> 
     </span>
     <span class='ocr_line' id='line_1_18' title="bbox 151 2126 943 2212; baseline 0.001 -23"><span class='ocrx_word' id='word_1_105' title='bbox 151 2129 217 2189; x_wconf 84' lang='lat' dir='ltr'>mi?</span> <span class='ocrx_word' id='word_1_106' title='bbox 263 2127 456 2212; x_wconf 80' lang='lat' dir='ltr'>Qrantulum</span> <span class='ocrx_word' id='word_1_107' title='bbox 471 2126 512 2189; x_wconf 85' lang='lat' dir='ltr'>est</span> <span class='ocrx_word' id='word_1_108' title='bbox 525 2148 597 2211; x_wconf 85' lang='lat' dir='ltr'>ergo</span> <span class='ocrx_word' id='word_1_109' title='bbox 609 2128 716 2190; x_wconf 82' lang='lat' dir='ltr'>collata</span> <span class='ocrx_word' id='word_1_110' title='bbox 730 2128 854 2211; x_wconf 83' lang='lat' dir='ltr'>pecunia</span> <span class='ocrx_word' id='word_1_111' title='bbox 871 2148 943 2191; x_wconf 90' lang='lat' dir='ltr'>con-</span> 
     </span>
     <span class='ocr_line' id='line_1_19' title="bbox 151 2233 943 2318; baseline 0.001 -23"><span class='ocrx_word' id='word_1_112' title='bbox 151 2235 259 2296; x_wconf 85' lang='lat' dir='ltr'>ducere</span> <span class='ocrx_word' id='word_1_113' title='bbox 273 2234 485 2318; x_wconf 81' lang='lat' dir='ltr'>praeceptores?</span> <span class='ocrx_word' id='word_1_114' title='bbox 514 2234 653 2316; x_wconf 91' lang='lat' dir='ltr'>quodque</span> <span class='ocrx_word' id='word_1_115' title='bbox 672 2253 753 2295; x_wconf 91' lang='lat' dir='ltr'>nunc</span> <span class='ocrx_word' id='word_1_116' title='bbox 777 2233 809 2297; x_wconf 88' lang='lat' dir='ltr'>in</span> <span class='ocrx_word' id='word_1_117' title='bbox 825 2234 943 2296; x_wconf 86' lang='lat' dir='ltr'>habita-</span> 
     </span>
     <span class='ocr_line' id='line_1_20' title="bbox 152 2339 944 2423; baseline 0.006 -24"><span class='ocrx_word' id='word_1_118' title='bbox 152 2339 261 2416; x_wconf 85' lang='lat' dir='ltr'>tiones,</span> <span class='ocrx_word' id='word_1_119' title='bbox 285 2341 317 2402; x_wconf 93' lang='lat' dir='ltr'>in</span> <span class='ocrx_word' id='word_1_120' title='bbox 333 2341 451 2417; x_wconf 88' lang='lat' dir='ltr'>viatica,</span> <span class='ocrx_word' id='word_1_121' title='bbox 478 2342 510 2403; x_wconf 93' lang='lat' dir='ltr'>in</span> <span class='ocrx_word' id='word_1_122' title='bbox 524 2361 570 2415; x_wconf 91' lang='lat' dir='ltr'>ea,</span> <span class='ocrx_word' id='word_1_123' title='bbox 587 2361 655 2423; x_wconf 87' lang='lat' dir='ltr'>quae</span> <span class='ocrx_word' id='word_1_124' title='bbox 668 2361 787 2423; x_wconf 85' lang='lat' dir='ltr'>peregre</span> <span class='ocrx_word' id='word_1_125' title='bbox 802 2353 944 2404; x_wconf 88' lang='lat' dir='ltr'>emuntur</span> 
     </span>
     <span class='ocr_line' id='line_1_21' title="bbox 152 2442 943 2529; baseline 0.004 -23"><span class='ocrx_word' id='word_1_126' title='bbox 152 2445 267 2528; x_wconf 84' lang='lat' dir='ltr'>(omnia</span> <span class='ocrx_word' id='word_1_127' title='bbox 281 2458 382 2508; x_wconf 90' lang='lat' dir='ltr'>autern</span> <span class='ocrx_word' id='word_1_128' title='bbox 397 2466 517 2529; x_wconf 86' lang='lat' dir='ltr'>peregre</span> <span class='ocrx_word' id='word_1_129' title='bbox 527 2442 681 2524; x_wconf 88' lang='lat' dir='ltr'>emuntur)</span> <span class='ocrx_word' id='word_1_130' title='bbox 693 2446 873 2529; x_wconf 81' lang='lat' dir='ltr'>impenditis,</span> <span class='ocrx_word' id='word_1_131' title='bbox 888 2448 943 2509; x_wconf 87' lang='lat' dir='ltr'>ad·</span> 
     </span>
     <span class='ocr_line' id='line_1_22' title="bbox 144 2549 942 2635; baseline 0.006 -24"><span class='ocrx_word' id='word_1_132' title='bbox 144 2549 240 2634; x_wconf 86' lang='lat' dir='ltr'>jicere</span> <span class='ocrx_word' id='word_1_133' title='bbox 253 2552 461 2616; x_wconf 82' lang='lat' dir='ltr'>mercedibus?</span> <span class='ocrx_word' id='word_1_134' title='bbox 505 2551 607 2635; x_wconf 86' lang='lat' dir='ltr'>Atque</span> <span class='ocrx_word' id='word_1_135' title='bbox 622 2553 696 2613; x_wconf 89' lang='lat' dir='ltr'>adeo</span> <span class='ocrx_word' id='word_1_136' title='bbox 709 2571 775 2635; x_wconf 87' lang='lat' dir='ltr'>ego,</span> <span class='ocrx_word' id='word_1_137' title='bbox 797 2553 850 2635; x_wconf 92' lang='lat' dir='ltr'>qui</span> <span class='ocrx_word' id='word_1_138' title='bbox 864 2573 942 2616; x_wconf 91' lang='lat' dir='ltr'>non-</span> 
     </span>
     <span class='ocr_line' id='line_1_23' title="bbox 149 2654 939 2742; baseline 0.001 -25"><span class='ocrx_word' id='word_1_139' title='bbox 149 2658 226 2718; x_wconf 90' lang='lat' dir='ltr'>dum</span> <span class='ocrx_word' id='word_1_140' title='bbox 251 2657 361 2721; x_wconf 87' lang='lat' dir='ltr'>liberos</span> <span class='ocrx_word' id='word_1_141' title='bbox 381 2658 490 2734; x_wconf 87' lang='lat' dir='ltr'>habeo,</span> <span class='ocrx_word' id='word_1_142' title='bbox 517 2669 636 2742; x_wconf 88' lang='lat' dir='ltr'>paratus</span> <span class='ocrx_word' id='word_1_143' title='bbox 660 2654 726 2720; x_wconf 84' lang='lat' dir='ltr'>sum</span> <span class='ocrx_word' id='word_1_144' title='bbox 740 2678 794 2741; x_wconf 89' lang='lat' dir='ltr'>pro</span> <span class='ocrx_word' id='word_1_145' title='bbox 808 2656 939 2740; x_wconf 84' lang='lat' dir='ltr'>Republ.</span> 
     </span>
     <span class='ocr_line' id='line_1_24' title="bbox 149 2762 941 2847; baseline -0.001 -24"><span class='ocrx_word' id='word_1_146' title='bbox 149 2762 259 2839; x_wconf 88' lang='lat' dir='ltr'>nostra,</span> <span class='ocrx_word' id='word_1_147' title='bbox 283 2763 362 2847; x_wconf 86' lang='lat' dir='ltr'>quast</span> <span class='ocrx_word' id='word_1_148' title='bbox 388 2785 441 2846; x_wconf 91' lang='lat' dir='ltr'>pro</span> <span class='ocrx_word' id='word_1_149' title='bbox 455 2763 518 2826; x_wconf 87' lang='lat' dir='ltr'>filia</span> <span class='ocrx_word' id='word_1_150' title='bbox 531 2764 580 2825; x_wconf 88' lang='lat' dir='ltr'>vel</span> <span class='ocrx_word' id='word_1_151' title='bbox 599 2775 721 2846; x_wconf 87' lang='lat' dir='ltr'>parente</span> <span class='ocrx_word' id='word_1_152' title='bbox 741 2763 858 2824; x_wconf 90' lang='lat' dir='ltr'>tertiam</span> <span class='ocrx_word' id='word_1_153' title='bbox 872 2782 941 2845; x_wconf 89' lang='lat' dir='ltr'>par</span> 
     </span>
    </p>

    <p class='ocr_par' dir='ltr' id='par_1_3' title="bbox 148 2865 941 3057">
     <span class='ocr_line' id='line_1_25' title="bbox 149 2865 941 2952; baseline 0 -23"><span class='ocrx_word' id='word_1_154' title='bbox 149 2880 214 2930; x_wconf 89' lang='lat' dir='ltr'>tem</span> <span class='ocrx_word' id='word_1_155' title='bbox 232 2868 310 2952; x_wconf 86' lang='lat' dir='ltr'>ejus,</span> <span class='ocrx_word' id='word_1_156' title='bbox 342 2870 423 2952; x_wconf 90' lang='lat' dir='ltr'>quod</span> <span class='ocrx_word' id='word_1_157' title='bbox 436 2865 570 2932; x_wconf 90' lang='lat' dir='ltr'>conferre</span> <span class='ocrx_word' id='word_1_158' title='bbox 585 2870 671 2932; x_wconf 88' lang='lat' dir='ltr'>vobis</span> <span class='ocrx_word' id='word_1_159' title='bbox 695 2867 833 2952; x_wconf 84' lang='lat' dir='ltr'>placebit,</span> <span class='ocrx_word' id='word_1_160' title='bbox 857 2868 941 2929; x_wconf 81' lang='lat' dir='ltr'>dare..</span> 
     </span>
     <span class='ocr_line' id='line_1_26' title="bbox 148 2970 941 3057; baseline -0.001 -20"><span class='ocrx_word' id='word_1_161' title='bbox 148 2970 270 3037; x_wconf 88' lang='lat' dir='ltr'>Totum</span> <span class='ocrx_word' id='word_1_162' title='bbox 284 2975 376 3037; x_wconf 87' lang='lat' dir='ltr'>etiam</span> <span class='ocrx_word' id='word_1_163' title='bbox 391 2975 556 3057; x_wconf 90' lang='lat' dir='ltr'>pollicerer,</span> <span class='ocrx_word' id='word_1_164' title='bbox 579 2974 633 3037; x_wconf 84' lang='lat' dir='ltr'>nist</span> <span class='ocrx_word' id='word_1_165' title='bbox 654 2975 803 3049; x_wconf 90' lang='lat' dir='ltr'>timerem,</span> <span class='ocrx_word' id='word_1_166' title='bbox 821 2991 859 3035; x_wconf 90' lang='lat' dir='ltr'>ne</span> <span class='ocrx_word' id='word_1_167' title='bbox 883 2971 941 3038; x_wconf 86' lang='lat' dir='ltr'>boo</span> 
     </span>
    </p>
   </div>
   <div class='ocr_carea' id='block_1_3' title="bbox 0 0 1168 3767">
    <p class='ocr_par' dir='ltr' id='par_1_4' title="bbox 0 0 1168 3767">
     <span class='ocr_line' id='line_1_27' title="bbox 0 0 1168 3767; baseline 0 0"><span class='ocrx_word' id='word_1_168' title='bbox 0 0 1168 3767; x_wconf 95' lang='lat' dir='ltr'> </span> 
     </span>
    </p>
   </div>
  </div>
 </body>
</html>
