2317 3767
227 296 289 370 372
352 260 355 266 Ι
396 301 430 349 C·
456 302 572 348 BLlN.
598 301 861 348 orrswonn.

219 444 313 510 rum?
341 443 471 530 Laceffis-
485 443 621 508 hominem
640 448 706 529 jam
723 445 891 530 proteum
909 443 1020 509 aerorii

198 580 202 591 ¹
220 551 257 616 u
269 550 352 615 brevi
367 550 520 636 Consulem.
565 551 715 615 Praeterea
730 575 787 636 qua
801 551 903 635 gratia
915 552 1015 636 .··qui·

219 656 271 720 ius
294 656 427 721 amicitiis
438 658 585 742 fultum?
609 659 745 720 nominat
769 660 930 742 quendam,
958 659 1014 742 qui

220 775 291 826 tunc
305 764 343 826 ad
357 763 503 826 orientem
518 761 731 846 amplissimum
742 763 773 825 δι
787 758 1014 833 famoiiffimum

219 868 395 944 exercitum,
425 887 486 931 non
508 867 568 930 stne
591 869 708 950 magnis
730 867 885 951 dubiisque
907 889 1017 930 turno-¹

220 973 302 1035 ribus
325 972 487 1035 obtinebat.
533 971 584 1035 Ad
598 974 663 1037 haec
677 994 744 1056 ego,
766 972 875 1036 Omnia
885 971 1011 1057 percepi,

220 1092 303 1161 atque
328 1077 419 1141 animo
439 1101 543 1142 mecum
565 1092 630 1140 ante
646 1078 764 1163 peregi:
792 1102 841 1140 nec
863 1076 967 1162 recuso,
978 1078 1016 1162 fi

220 1183 263 1247 ita
278 1183 358 1268 cesus
372 1183 513 1259 attulerit,
541 1185 619 1246 luere
635 1199 737 1268 poenas
759 1183 1015 1268 obhonestiffimum

210 1290 339 1374 foetum,
363 1291 429 1352 dum
434 1289 675 1376 flagitiofifflmum
691 1288 820 1374 ulciscor.
857 1292 929 1374 Jam
942 1312 1014 1353 cen-

220 1393 301 1457 sendi
334 1408 462 1478 tempus.
517 1394 603 1457 Dicit
629 1395 786 1459 Domitius
815 1394 1012 1480 Apollinaris,

222 1500 339 1566 Consul
370 1501 544 1584 designatus,
575 1501 647 1563 dicit
681 1499 832 1563 Fabritius
869 1499 1011 1584 Vejento,

223 1588 334 1671 Fabius
349 1604 551 1683 Posthumius‚
570 1604 695 1669 Vettius
718 1605 874 1681 Proculus,
899 1606 1018 1688 collega*

221 1713 349 1778 Publicii
363 1712 461 1788 Certi,
481 1715 518 1775 de
537 1734 598 1797 quo
609 1714 769 1795 agebatur:
794 1712 895 1774 uxoris
909 1722 1013 1773 autem

132 1876 135 1884 ,
222 1839 310 1896 meae,
330 1836 422 1903 quarn
436 1816 603 1895 amiseram,
620 1817 761 1879 vitricus:
786 1815 849 1900 post
862 1817 917 1878 hos
931 1815 1013 1878 Am-

221 1924 302 1986 mius
322 1924 458 2000 Flaccus,
479 1942 585 1987 omnes
608 1921 737 1986 Certum
763 1924 898 1985 nondum
921 1921 938 1985 i
961 1940 1013 1985 me

222 2030 424 2106 nominatum,
451 2043 490 2092 ut·
512 2028 704 2092 nominatum
732 2024 938 2090 defenduntz·¹
953 2028 1013 2090 cris

223 2152 352 2217 menque
364 2134 444 2218 quast
459 2135 490 2196 in
504 2130 604 2196 medio
618 2133 757 2196 relietum
770 2131 938 2196 defentione
951 2131 1011 2195 sus-

222 2241 345 2323 cipiunt.
391 2238 472 2324 Qiae
490 2252 631 2322 praeterea
651 2239 790 2314 dixerint,
802 2275 804 2279 ·
816 2257 878 2301 non
895 2237 940 2300 est
957 2258 1013 2301 ne-

222 2345 297 2407 ceiie
310 2360 439 2421 narrare,
452 2346 484 2407 in
497 2345 580 2411 libris
595 2345 698 2407 habes.
737 2342 814 2406 Sum·
826 2344 908 2405 enim
921 2352 1013 2407 cunci

208 2462 255 2512 ⁴ta
275 2449 404 2533 ipsorum
426 2450 524 2512 verbis
546 2449 723 2533 persecutus.
770 2449 888 2513 Dicunt
911 2462 1025 2511 contra·

224 2554 354 2619 Avidius
369 2551 511 2640 Quietus,
537 2553 691 2618 Cornutus
705 2554 876 2619 Tertullus.
914 2553 1014 2638 Ques

225 2673 285 2739 tus,
303 2661 495 2747 iniquiffimum
508 2659 570 2746 effi,
588 2661 715 2744 querelas
724 2660 874 2723 dolentium
887 2658 1014 2723 excludit

226 2769 336 2852 ideoque
350 2767 460 2844 Arriae,
482 2768 518 2831 ὃ*
532 2765 709 2851 Fanniaejus
722 2767 858 2850 querendi
869 2764 1014 2850 nonnoso

225 2875 365 2938 rendum:
387 2897 435 2936 nec
449 2871 573 2959 intereffl
594 2873 674 2955 cujus
699 2872 807 2936 ordinis
820 2872 941 2958 quisſst,
957 2870 1017 2956 sed

146 3040 148 3043 .
223 2997 309 3065 quam
332 2978 446 3064 carosam
470 2975 584 3042 habeat.
629 2975 920 3055 Cornutus‚‚datum
932 2975 1021 3063 sed
