<?xml version="1.0" encoding="UTF-8"?>
<!DOCTYPE html PUBLIC "-//W3C//DTD XHTML 1.0 Transitional//EN"
    "http://www.w3.org/TR/xhtml1/DTD/xhtml1-transitional.dtd">
<html xmlns="http://www.w3.org/1999/xhtml" xml:lang="en" lang="en">
 <head>
  <title>
</title>
<meta http-equiv="Content-Type" content="text/html;charset=utf-8" />
  <meta name='ocr-system' content='tesseract 3.04.00' />
  <meta name='ocr-capabilities' content='ocr_page ocr_carea ocr_par ocr_line ocrx_word'/>
</head>
<body>
  <div class='ocr_page' id='page_1' title='image "./cpliniicciliise01plingoog_0039.png"; bbox 0 0 2317 3767; ppageno 0'>
   <div class='ocr_carea' id='block_1_1' title="bbox 411 281 939 354">
    <p class='ocr_par' dir='ltr' id='par_1_1' title="bbox 411 281 939 354">
     <span class='ocr_line' id='line_1_1' title="bbox 411 281 939 354; baseline -0.004 -21"><span class='ocrx_word' id='word_1_1' title='bbox 411 284 679 335; x_wconf 74' lang='lat' dir='ltr'>iurent.</span> <span class='ocrx_word' id='word_1_2' title='bbox 900 281 939 354; x_wconf 66' lang='grc' dir='ltr'>ιφ</span> 
     </span>
    </p>
   </div>
   <div class='ocr_carea' id='block_1_2' title="bbox 139 428 940 1891">
    <p class='ocr_par' dir='ltr' id='par_1_2' title="bbox 139 428 940 1891">
     <span class='ocr_line' id='line_1_2' title="bbox 145 428 940 515; baseline -0.001 -18"><span class='ocrx_word' id='word_1_3' title='bbox 145 432 208 498; x_wconf 86' lang='lat' dir='ltr'>frui</span> <span class='ocrx_word' id='word_1_4' title='bbox 221 455 281 497; x_wconf 92' lang='lat' dir='ltr'>non</span> <span class='ocrx_word' id='word_1_5' title='bbox 295 432 384 496; x_wconf 80' lang='lat' dir='ltr'>licet?</span> <span class='ocrx_word' id='word_1_6' title='bbox 408 430 473 509; x_wconf 84' lang='lat' dir='ltr'>An,</span> <span class='ocrx_word' id='word_1_7' title='bbox 493 443 528 494; x_wconf 89' lang='lat' dir='ltr'>ut</span> <span class='ocrx_word' id='word_1_8' title='bbox 543 428 639 515; x_wconf 78' lang='lat' dir='ltr'>magio</span> <span class='ocrx_word' id='word_1_9' title='bbox 660 448 764 513; x_wconf 75' lang='lat' dir='ltr'>angar,</span> <span class='ocrx_word' id='word_1_10' title='bbox 784 429 864 515; x_wconf 88' lang='lat' dir='ltr'>quod</span> <span class='ocrx_word' id='word_1_11' title='bbox 877 449 940 496; x_wconf 78' lang='lat' dir='ltr'>non</span> 
     </span>
     <span class='ocr_line' id='line_1_3' title="bbox 146 534 939 620; baseline -0.003 -18"><span class='ocrx_word' id='word_1_12' title='bbox 146 535 234 602; x_wconf 83' lang='lat' dir='ltr'>licet?</span> <span class='ocrx_word' id='word_1_13' title='bbox 258 536 346 603; x_wconf 80' lang='lat' dir='ltr'>Nam</span> <span class='ocrx_word' id='word_1_14' title='bbox 359 536 516 620; x_wconf 76' lang='lat' dir='ltr'>distringor</span> <span class='ocrx_word' id='word_1_15' title='bbox 536 534 647 612; x_wconf 79' lang='lat' dir='ltr'>officio,</span> <span class='ocrx_word' id='word_1_16' title='bbox 670 548 705 598; x_wconf 85' lang='lat' dir='ltr'>ut</span> <span class='ocrx_word' id='word_1_17' title='bbox 728 535 875 613; x_wconf 84' lang='lat' dir='ltr'>maximo,</span> <span class='ocrx_word' id='word_1_18' title='bbox 898 536 939 600; x_wconf 87' lang='lat' dir='ltr'>fic</span> 
     </span>
     <span class='ocr_line' id='line_1_4' title="bbox 145 640 937 727; baseline 0 -20"><span class='ocrx_word' id='word_1_19' title='bbox 145 643 357 707; x_wconf 86' lang='lat' dir='ltr'>molestiffimo.</span> <span class='ocrx_word' id='word_1_20' title='bbox 402 641 497 705; x_wconf 87' lang='lat' dir='ltr'>Sedeo</span> <span class='ocrx_word' id='word_1_21' title='bbox 521 661 575 727; x_wconf 85' lang='lat' dir='ltr'>pro</span> <span class='ocrx_word' id='word_1_22' title='bbox 589 640 743 718; x_wconf 82' lang='lat' dir='ltr'>tribunali,</span> <span class='ocrx_word' id='word_1_23' title='bbox 757 640 884 706; x_wconf 83' lang='lat' dir='ltr'>subnoto</span> <span class='ocrx_word' id='word_1_24' title='bbox 898 642 937 707; x_wconf 69' lang='grc' dir='ltr'>Ιί-</span> 
     </span>
     <span class='ocr_line' id='line_1_5' title="bbox 142 743 937 831; baseline -0.001 -19"><span class='ocrx_word' id='word_1_25' title='bbox 142 747 251 827; x_wconf 72' lang='lat' dir='ltr'>bellos,</span> <span class='ocrx_word' id='word_1_26' title='bbox 286 747 414 812; x_wconf 72' lang='lat' dir='ltr'>corilicio</span> <span class='ocrx_word' id='word_1_27' title='bbox 433 747 563 824; x_wconf 74' lang='lat' dir='ltr'>obulo,</span> <span class='ocrx_word' id='word_1_28' title='bbox 590 744 686 811; x_wconf 85' lang='lat' dir='ltr'>scribo</span> <span class='ocrx_word' id='word_1_29' title='bbox 705 745 863 831; x_wconf 79' lang='lat' dir='ltr'>plurimae,</span> <span class='ocrx_word' id='word_1_30' title='bbox 887 743 937 811; x_wconf 86' lang='lat' dir='ltr'>sed</span> 
     </span>
     <span class='ocr_line' id='line_1_6' title="bbox 142 850 937 938; baseline 0.001 -22"><span class='ocrx_word' id='word_1_31' title='bbox 142 850 497 917; x_wconf 76' lang='lat' dir='ltr'>illlteneiffimacllterue.</span> <span class='ocrx_word' id='word_1_32' title='bbox 525 852 613 917; x_wconf 82' lang='lat' dir='ltr'>Soleo</span> <span class='ocrx_word' id='word_1_33' title='bbox 623 871 841 938; x_wconf 74' lang='lat' dir='ltr'>nonnunqum</span> <span class='ocrx_word' id='word_1_34' title='bbox 852 853 937 937; x_wconf 84' lang='lat' dir='ltr'>(nam</span> 
     </span>
     <span class='ocr_line' id='line_1_7' title="bbox 143 950 936 1044; baseline 0.001 -22"><span class='ocrx_word' id='word_1_35' title='bbox 143 958 175 1023; x_wconf 90' lang='lat' dir='ltr'>id</span> <span class='ocrx_word' id='word_1_36' title='bbox 190 959 288 1044; x_wconf 88' lang='lat' dir='ltr'>ipsum</span> <span class='ocrx_word' id='word_1_37' title='bbox 310 959 489 1044; x_wconf 68' lang='lat' dir='ltr'>quandoque</span> <span class='ocrx_word' id='word_1_38' title='bbox 507 950 667 1042; x_wconf 78' lang='lat' dir='ltr'>contingit)</span> <span class='ocrx_word' id='word_1_39' title='bbox 684 961 722 1021; x_wconf 84' lang='lat' dir='ltr'>do</span> <span class='ocrx_word' id='word_1_40' title='bbox 743 959 791 1022; x_wconf 84' lang='lat' dir='ltr'>his</span> <span class='ocrx_word' id='word_1_41' title='bbox 809 977 936 1043; x_wconf 74' lang='lat' dir='ltr'>occupa·</span> 
     </span>
     <span class='ocr_line' id='line_1_8' title="bbox 141 1061 935 1149; baseline 0.003 -22"><span class='ocrx_word' id='word_1_42' title='bbox 141 1065 277 1129; x_wconf 75' lang='lat' dir='ltr'>tionibus</span> <span class='ocrx_word' id='word_1_43' title='bbox 290 1066 370 1149; x_wconf 72' lang='lat' dir='ltr'>apud</span> <span class='ocrx_word' id='word_1_44' title='bbox 385 1062 571 1148; x_wconf 74' lang='lat' dir='ltr'><strong>Euphratem</strong></span> <span class='ocrx_word' id='word_1_45' title='bbox 581 1062 677 1148; x_wconf 81' lang='lat' dir='ltr'>queri.</span> <span class='ocrx_word' id='word_1_46' title='bbox 723 1061 781 1128; x_wconf 91' lang='lat' dir='ltr'>Ille</span> <span class='ocrx_word' id='word_1_47' title='bbox 795 1083 845 1127; x_wconf 89' lang='lat' dir='ltr'>me</span> <span class='ocrx_word' id='word_1_48' title='bbox 862 1083 935 1129; x_wconf 84' lang='lat' dir='ltr'>con·</span> 
     </span>
     <span class='ocr_line' id='line_1_9' title="bbox 142 1167 935 1254; baseline 0.003 -23"><span class='ocrx_word' id='word_1_49' title='bbox 142 1169 275 1248; x_wconf 59' lang='lat' dir='ltr'>solatum</span> <span class='ocrx_word' id='word_1_50' title='bbox 295 1168 425 1233; x_wconf 79' lang='lat' dir='ltr'>affirmat</span> <span class='ocrx_word' id='word_1_51' title='bbox 443 1168 546 1246; x_wconf 83' lang='lat' dir='ltr'>etlam,</span> <span class='ocrx_word' id='word_1_52' title='bbox 568 1167 627 1234; x_wconf 84' lang='lat' dir='ltr'>elle</span> <span class='ocrx_word' id='word_1_53' title='bbox 637 1171 716 1234; x_wconf 86' lang='lat' dir='ltr'>hanc</span> <span class='ocrx_word' id='word_1_54' title='bbox 729 1169 935 1254; x_wconf 64' lang='lat' dir='ltr'>philosophia,</span> 
     </span>
     <span class='ocr_line' id='line_1_10' title="bbox 140 1275 935 1363; baseline -0.004 -23"><span class='ocrx_word' id='word_1_55' title='bbox 140 1277 173 1340; x_wconf 79' lang='lat' dir='ltr'>dc</span> <span class='ocrx_word' id='word_1_56' title='bbox 195 1275 321 1363; x_wconf 87' lang='lat' dir='ltr'>quidem</span> <span class='ocrx_word' id='word_1_57' title='bbox 334 1275 567 1360; x_wconf 76' lang='lat' dir='ltr'>pulcherrimum</span> <span class='ocrx_word' id='word_1_58' title='bbox 589 1287 716 1358; x_wconf 78' lang='lat' dir='ltr'>portem,</span> <span class='ocrx_word' id='word_1_59' title='bbox 739 1293 825 1358; x_wconf 77' lang='lat' dir='ltr'>agere</span> <span class='ocrx_word' id='word_1_60' title='bbox 843 1293 935 1360; x_wconf 73' lang='lat' dir='ltr'>nego·</span> 
     </span>
     <span class='ocr_line' id='line_1_11' title="bbox 140 1379 935 1466; baseline -0.004 -22"><span class='ocrx_word' id='word_1_61' title='bbox 140 1382 221 1445; x_wconf 81' lang='lat' dir='ltr'>rium</span> <span class='ocrx_word' id='word_1_62' title='bbox 235 1382 402 1466; x_wconf 85' lang='lat' dir='ltr'>publicum,</span> <span class='ocrx_word' id='word_1_63' title='bbox 418 1381 603 1465; x_wconf 75' lang='lat' dir='ltr'>cognoscere,</span> <span class='ocrx_word' id='word_1_64' title='bbox 621 1379 768 1465; x_wconf 77' lang='lat' dir='ltr'>judicare,</span> <span class='ocrx_word' id='word_1_65' title='bbox 786 1399 935 1464; x_wconf 73' lang='lat' dir='ltr'>proniore,</span> 
     </span>
     <span class='ocr_line' id='line_1_12' title="bbox 139 1483 935 1572; baseline -0.003 -21"><span class='ocrx_word' id='word_1_66' title='bbox 139 1489 171 1551; x_wconf 77' lang='lat' dir='ltr'>dc</span> <span class='ocrx_word' id='word_1_67' title='bbox 183 1508 320 1551; x_wconf 83' lang='lat' dir='ltr'>exercere</span> <span class='ocrx_word' id='word_1_68' title='bbox 336 1486 495 1572; x_wconf 81' lang='lat' dir='ltr'>justitiam,</span> <span class='ocrx_word' id='word_1_69' title='bbox 519 1503 649 1572; x_wconf 81' lang='lat' dir='ltr'>quaeque</span> <span class='ocrx_word' id='word_1_70' title='bbox 670 1483 723 1569; x_wconf 76' lang='lat' dir='ltr'>ipo</span> <span class='ocrx_word' id='word_1_71' title='bbox 743 1485 881 1562; x_wconf 68' lang='lat' dir='ltr'>doceant,</span> <span class='ocrx_word' id='word_1_72' title='bbox 903 1487 935 1549; x_wconf 86' lang='lat' dir='ltr'>in</span> 
     </span>
     <span class='ocr_line' id='line_1_13' title="bbox 142 1591 935 1677; baseline 0.001 -23"><span class='ocrx_word' id='word_1_73' title='bbox 142 1591 198 1655; x_wconf 90' lang='lat' dir='ltr'>usu</span> <span class='ocrx_word' id='word_1_74' title='bbox 211 1593 330 1655; x_wconf 85' lang='lat' dir='ltr'>habere.</span> <span class='ocrx_word' id='word_1_75' title='bbox 376 1591 461 1656; x_wconf 83' lang='lat' dir='ltr'>Mihi</span> <span class='ocrx_word' id='word_1_76' title='bbox 475 1605 577 1655; x_wconf 80' lang='lat' dir='ltr'>tamen</span> <span class='ocrx_word' id='word_1_77' title='bbox 596 1593 655 1656; x_wconf 87' lang='lat' dir='ltr'>hoc</span> <span class='ocrx_word' id='word_1_78' title='bbox 673 1610 770 1654; x_wconf 90' lang='lat' dir='ltr'>unum</span> <span class='ocrx_word' id='word_1_79' title='bbox 784 1612 847 1656; x_wconf 89' lang='lat' dir='ltr'>non</span> <span class='ocrx_word' id='word_1_80' title='bbox 868 1613 935 1677; x_wconf 88' lang='lat' dir='ltr'>per-</span> 
     </span>
     <span class='ocr_line' id='line_1_14' title="bbox 142 1694 935 1784; baseline 0.006 -25"><span class='ocrx_word' id='word_1_81' title='bbox 142 1696 257 1772; x_wconf 81' lang='lat' dir='ltr'>suadet,</span> <span class='ocrx_word' id='word_1_82' title='bbox 271 1697 360 1761; x_wconf 74' lang='lat' dir='ltr'>saduc</span> <span class='ocrx_word' id='word_1_83' title='bbox 374 1697 432 1762; x_wconf 84' lang='lat' dir='ltr'>elle</span> <span class='ocrx_word' id='word_1_84' title='bbox 442 1697 494 1761; x_wconf 85' lang='lat' dir='ltr'>ista</span> <span class='ocrx_word' id='word_1_85' title='bbox 503 1694 613 1776; x_wconf 81' lang='lat' dir='ltr'>facere,</span> <span class='ocrx_word' id='word_1_86' title='bbox 623 1717 716 1784; x_wconf 84' lang='lat' dir='ltr'>quam</span> <span class='ocrx_word' id='word_1_87' title='bbox 726 1717 797 1762; x_wconf 88' lang='lat' dir='ltr'>cum</span> <span class='ocrx_word' id='word_1_88' title='bbox 808 1698 862 1764; x_wconf 90' lang='lat' dir='ltr'>illo</span> <span class='ocrx_word' id='word_1_89' title='bbox 871 1701 935 1764; x_wconf 73' lang='lat' dir='ltr'>dics</span> 
     </span>
     <span class='ocr_line' id='line_1_15' title="bbox 142 1801 935 1891; baseline 0.005 -26"><span class='ocrx_word' id='word_1_90' title='bbox 142 1815 222 1866; x_wconf 82' lang='lat' dir='ltr'>totos</span> <span class='ocrx_word' id='word_1_91' title='bbox 242 1803 399 1880; x_wconf 81' lang='lat' dir='ltr'>audiendo,</span> <span class='ocrx_word' id='word_1_92' title='bbox 414 1801 611 1888; x_wconf 80' lang='lat' dir='ltr'>discendoque</span> <span class='ocrx_word' id='word_1_93' title='bbox 632 1803 814 1869; x_wconf 87' lang='lat' dir='ltr'>consumere.</span> <span class='ocrx_word' id='word_1_94' title='bbox 860 1804 935 1891; x_wconf 75' lang='lat' dir='ltr'>Quo</span> 
     </span>
    </p>
   </div>
   <div class='ocr_carea' id='block_1_3' title="bbox 13 1907 933 1991">
    <p class='ocr_par' dir='ltr' id='par_1_3' title="bbox 13 1907 933 1991">
     <span class='ocr_line' id='line_1_16' title="bbox 13 1907 933 1991; baseline 0.007 -21"><span class='ocrx_word' id='word_1_95' title='bbox 13 1915 14 1920; x_wconf 77' lang='grc'>’</span> <span class='ocrx_word' id='word_1_96' title='bbox 140 1908 239 1991; x_wconf 82' lang='lat' dir='ltr'>magis</span> <span class='ocrx_word' id='word_1_97' title='bbox 268 1921 310 1985; x_wconf 85' lang='lat' dir='ltr'>to,</span> <span class='ocrx_word' id='word_1_98' title='bbox 343 1907 392 1971; x_wconf 93' lang='lat' dir='ltr'>cui</span> <span class='ocrx_word' id='word_1_99' title='bbox 414 1920 512 1984; x_wconf 85' lang='lat' dir='ltr'>vacat,</span> <span class='ocrx_word' id='word_1_100' title='bbox 534 1909 649 1985; x_wconf 86' lang='lat' dir='ltr'>hortor,</span> <span class='ocrx_word' id='word_1_101' title='bbox 676 1930 747 1972; x_wconf 88' lang='lat' dir='ltr'>cum</span> <span class='ocrx_word' id='word_1_102' title='bbox 768 1908 801 1972; x_wconf 91' lang='lat' dir='ltr'>in</span> <span class='ocrx_word' id='word_1_103' title='bbox 826 1912 933 1976; x_wconf 85' lang='lat' dir='ltr'>urbem</span> 
     </span>
    </p>
   </div>
   <div class='ocr_carea' id='block_1_4' title="bbox 138 2011 933 2627">
    <p class='ocr_par' dir='ltr' id='par_1_4' title="bbox 138 2011 933 2627">
     <span class='ocr_line' id='line_1_17' title="bbox 139 2011 933 2098; baseline -0.008 -21"><span class='ocrx_word' id='word_1_104' title='bbox 139 2014 277 2097; x_wconf 83' lang='lat' dir='ltr'>proxime</span> <span class='ocrx_word' id='word_1_105' title='bbox 296 2011 414 2080; x_wconf 75' lang='lat' dir='ltr'>venerio</span> <span class='ocrx_word' id='word_1_106' title='bbox 435 2013 551 2098; x_wconf 80' lang='lat' dir='ltr'>(veniae</span> <span class='ocrx_word' id='word_1_107' title='bbox 572 2026 674 2078; x_wconf 83' lang='lat' dir='ltr'>autem</span> <span class='ocrx_word' id='word_1_108' title='bbox 694 2016 734 2078; x_wconf 84' lang='lat' dir='ltr'>ob</span> <span class='ocrx_word' id='word_1_109' title='bbox 754 2016 813 2077; x_wconf 76' lang='lat' dir='ltr'>lroe</span> <span class='ocrx_word' id='word_1_110' title='bbox 832 2030 933 2082; x_wconf 69' lang='lat' dir='ltr'>mnu.</span> 
     </span>
     <span class='ocr_line' id='line_1_18' title="bbox 138 2116 933 2206; baseline 0.005 -24"><span class='ocrx_word' id='word_1_111' title='bbox 138 2116 215 2199; x_wconf 77' lang='lat' dir='ltr'>rius)</span> <span class='ocrx_word' id='word_1_112' title='bbox 233 2120 279 2182; x_wconf 89' lang='lat' dir='ltr'>illi</span> <span class='ocrx_word' id='word_1_113' title='bbox 294 2132 324 2181; x_wconf 85' lang='lat' dir='ltr'>to</span> <span class='ocrx_word' id='word_1_114' title='bbox 337 2118 549 2203; x_wconf 78' lang='lat' dir='ltr'>expoliendum</span> <span class='ocrx_word' id='word_1_115' title='bbox 563 2117 791 2205; x_wconf 79' lang='lat' dir='ltr'>limandumque</span> <span class='ocrx_word' id='word_1_116' title='bbox 809 2123 933 2206; x_wconf 85' lang='lat' dir='ltr'>permit·</span> 
     </span>
     <span class='ocr_line' id='line_1_19' title="bbox 138 2222 932 2310; baseline 0.001 -20"><span class='ocrx_word' id='word_1_117' title='bbox 138 2239 196 2290; x_wconf 79' lang='lat' dir='ltr'>ms.</span> <span class='ocrx_word' id='word_1_118' title='bbox 241 2223 353 2310; x_wconf 78' lang='lat' dir='ltr'>Neque</span> <span class='ocrx_word' id='word_1_119' title='bbox 370 2223 453 2288; x_wconf 86' lang='lat' dir='ltr'>enim</span> <span class='ocrx_word' id='word_1_120' title='bbox 469 2244 525 2309; x_wconf 77' lang='lat' dir='ltr'>ego</span> <span class='ocrx_word' id='word_1_121' title='bbox 547 2227 595 2310; x_wconf 87' lang='lat' dir='ltr'>(ut</span> <span class='ocrx_word' id='word_1_122' title='bbox 608 2222 710 2305; x_wconf 83' lang='lat' dir='ltr'>multi)</span> <span class='ocrx_word' id='word_1_123' title='bbox 731 2225 852 2292; x_wconf 81' lang='lat' dir='ltr'>lovideo</span> <span class='ocrx_word' id='word_1_124' title='bbox 865 2223 932 2292; x_wconf 71' lang='lat' dir='ltr'>aliie</span> 
     </span>
     <span class='ocr_line' id='line_1_20' title="bbox 138 2329 930 2416; baseline 0.004 -21"><span class='ocrx_word' id='word_1_125' title='bbox 138 2333 269 2409; x_wconf 87' lang='lat' dir='ltr'>bonum,</span> <span class='ocrx_word' id='word_1_126' title='bbox 303 2351 364 2416; x_wconf 90' lang='lat' dir='ltr'>quo</span> <span class='ocrx_word' id='word_1_127' title='bbox 391 2329 451 2415; x_wconf 81' lang='lat' dir='ltr'>ipse</span> <span class='ocrx_word' id='word_1_128' title='bbox 476 2349 580 2395; x_wconf 79' lang='lat' dir='ltr'>careo:</span> <span class='ocrx_word' id='word_1_129' title='bbox 613 2331 663 2395; x_wconf 81' lang='lat' dir='ltr'>sed</span> <span class='ocrx_word' id='word_1_130' title='bbox 683 2345 787 2397; x_wconf 78' lang='lat' dir='ltr'>contra</span> <span class='ocrx_word' id='word_1_131' title='bbox 815 2332 930 2398; x_wconf 79' lang='lat' dir='ltr'>sensum</span> 
     </span>
     <span class='ocr_line' id='line_1_21' title="bbox 138 2438 933 2525; baseline 0.006 -26"><span class='ocrx_word' id='word_1_132' title='bbox 138 2439 304 2521; x_wconf 84' lang='lat' dir='ltr'>quendam,</span> <span class='ocrx_word' id='word_1_133' title='bbox 330 2439 573 2522; x_wconf 75' lang='lat' dir='ltr'>voluptatemque</span> <span class='ocrx_word' id='word_1_134' title='bbox 587 2438 729 2522; x_wconf 81' lang='lat' dir='ltr'>percipio,</span> <span class='ocrx_word' id='word_1_135' title='bbox 749 2439 772 2501; x_wconf 81' lang='lat' dir='ltr'>fi</span> <span class='ocrx_word' id='word_1_136' title='bbox 790 2457 836 2517; x_wconf 76' lang='lat' dir='ltr'>ea,</span> <span class='ocrx_word' id='word_1_137' title='bbox 863 2457 933 2525; x_wconf 66' lang='lat' dir='ltr'>qun</span> 
     </span>
     <span class='ocr_line' id='line_1_22' title="bbox 141 2540 928 2627; baseline 0.005 -23"><span class='ocrx_word' id='word_1_138' title='bbox 141 2540 425 2626; x_wconf 81' lang='lat' dir='ltr'>milu‘denegmrur‚</span> <span class='ocrx_word' id='word_1_139' title='bbox 440 2542 806 2627; x_wconf 78' lang='lat' dir='ltr'>amlcievideosupereil&#39;e.</span> <span class='ocrx_word' id='word_1_140' title='bbox 840 2545 928 2610; x_wconf 78' lang='lat' dir='ltr'>vue.</span> 
     </span>
    </p>
   </div>
   <div class='ocr_carea' id='block_1_5' title="bbox 0 0 1164 3767">
    <p class='ocr_par' dir='ltr' id='par_1_5' title="bbox 0 0 1164 3767">
     <span class='ocr_line' id='line_1_23' title="bbox 0 0 1164 3767; baseline 0 3"><span class='ocrx_word' id='word_1_141' title='bbox 0 0 1164 3767; x_wconf 95' lang='lat' dir='ltr'> </span> 
     </span>
    </p>
   </div>
  </div>
 </body>
</html>
