2317 3767
231 287 297 357 470
394 278 862 342 canu-misacam.

232 431 419 510 dubitabam,
440 436 646 519 qualecunque
666 436 739 500 effer
754 439 835 522 quod
848 434 1032 514 faterentur,
1056 456 1060 461 ’

232 537 427 620 pervicaciam
446 540 568 604 certe&
582 541 778 605 inflexibilem
798 542 1031 606 obstinationem

231 643 338 706 debere
360 644 469 727 puniri.
515 644 652 708 Fuerunt
670 644 723 708 alii
740 645 843 710 fimilis
862 650 1026 710 amentia:

231 769 319 831 quos,
345 748 417 831 quia
438 750 518 813 cives
544 750 677 814 Romani
698 764 795 827 crant,
825 753 967 814 adnotavi
993 753 1027 814 in
1143 767 1144 770 ’

233 855 337 916 urbem
360 855 570 918 remittendos:
599 877 672 918 mox
694 854 756 939 ipso
776 854 886 932 tractu,
912 868 946 919 ut
959 856 1025 919 fieri

232 957 315 1034 solet,
332 957 520 1021 diffundente
534 959 563 1021 fe
580 958 718 1036 crimine,
739 962 838 1044 plures
854 959 962 1044 species
976 962 1024 1023 in·

231 1064 378 1126 ciderunt.
422 1063 590 1148 Propositus
611 1066 654 1128 est
671 1067 790 1129 libellus
808 1067 868 1129 fine
890 1067 1022 1141 auclore,

231 1170 397 1233 multorum
410 1169 535 1232 nomina
553 1171 719 1247 continens,
735 1172 788 1255 qui
801 1185 911 1254 negant
924 1170 952 1233 se
966 1171 1025 1233 effe

233 1272 430 1352 Christianos,
443 1287 495 1338 aut
508 1274 613 1353 fuiiie3
636 1297 707 1339 cum
720 1289 870 1360 praeunte
880 1297 929 1339 mc
937 1276 1024 1341 Deos

232 1382 425 1464 appellarent,
447 1382 478 1445 δι
497 1380 622 1465 imagini
636 1394 696 1444 tuae
717 1384 821 1465 (quarn
834 1393 952 1466 propter
964 1382 1024 1445 hoc

226 1486 370 1571 jufferam
381 1508 451 1551 curn
461 1487 624 1573 simulacris
633 1487 794 1557 numinum
802 1485 914 1564 afferri)
923 1489 1022 1562 thure,

231 1614 266 1655 ac
293 1590 366 1655 vin'o
390 1591 605 1677 supplicarent:
639 1605 780 1678 praeterea
811 1593 1023 1657 maledicerent

233 1696 375 1776 Christo;
395 1718 523 1783 quorum
537 1698 614 1762 nihil
627 1698 787 1783 cogipoffe
801 1698 952 1773 dicuntur,
970 1698 1022 1780 qui

231 1800 298 1866 sunt
312 1825 343 1866 re
357 1825 428 1867 vera
445 1803 617 1869 Christiani.
662 1804 744 1888 Ergo
758 1804 950 1867 dimittendos
964 1823 1022 1886 pu·

232 1910 305 1973 tavi.
350 1907 413 1974 Alii
428 1912 466 1973 ab
481 1908 578 1973 indice
588 1909 748 1986 nominati,
768 1907 864 1972 effese
875 1907 1021 1973 Christia»

231 2034 287 2077 nos
301 2016 457 2080 dixerunt:
483 2017 514 2080 dc
534 2037 607 2079 mox
626 2027 819 2098 negavenant,
845 2011 933 2077 fuiffe
952 2014 1020 2098 qui-

231 2122 313 2195 dem,
326 2118 376 2182 sed
386 2120 513 2184 desaiffe:
534 2122 658 2204 quidam
672 2133 741 2184 ante
755 2121 929 2196 triennium,
955 2108 1021 2203 qui·

234 2227 305 2288 dam
319 2238 387 2288 ante
407 2227 505 2308 plures
520 2246 627 2303 annos,
652 2228 713 2289 non
728 2246 819 2288 nemo
837 2227 929 2288 etiam
951 2230 1021 2288 ante

231 2325 337 2413 viginti
361 2350 490 2414 quoque.
540 2329 661 2396 Omnes
684 2333 715 2396 ἃ
737 2331 899 2414 imaginem
922 2344 1019 2408 tuam,

235 2436 432 2521 Deorumque
439 2435 594 2500 simulacra
607 2437 739 2500 venerati
749 2436 835 2500 sunta
850 2437 913 2500 ii&
925 2436 1018 2502 Chri·
1125 2464 1128 2475 ·

231 2542 275 2606 tio
300 2539 529 2621 maledixerunt.
573 2541 784 2606 Adfirmabant
805 2544 917 2619 aulem,
942 2543 1021 2607 hanc

231 2645 317 2711 fuiffe
330 2645 479 2713 summam
493 2649 542 2712 vel
555 2649 651 2732 culpae
663 2647 735 2726 suae,
747 2650 796 2711 vei
805 2649 924 2723 erroris,
938 2650 1020 2731 quod

231 2754 322 2817 client
335 2750 412 2816 soliti
425 2753 499 2818 stato
511 2754 559 2817 die
573 2753 641 2818 'ante
654 2755 753 2818 lucem
767 2752 938 2831 convdnire,
954 2772 1018 2816 car·

233 2878 361 2943 menque
373 2843 495 2923 Christo
513 2860 593 2945 quasa
609 2845 680 2927 Deu
701 2862 804 2925 dicere
820 2846 923 2923 secumv
939 2861 1018 2923 invi-

230 2986 316 3031 cemz
344 2960 430 3048 seque
449 2964 633 3030 sacramento
650 2985 712 3031 non
732 2967 764 3031 in
785 2968 879 3032 scelus
898 2967 1017 3050 aliqmd
