2317 3767
211 260 274 342 164
372 282 405 327 c.
432 281 546 328 mu.
577 279 839 330 arrsronnn.

206 424 257 486 ille
270 422 302 485 in
311 423 447 506 gerendis
457 425 623 488 consiliator
635 428 667 491 dc
677 426 789 490 reelor:
806 426 857 489 ille
870 419 1000 510 denique
1064 499 1067 502 Δ

205 529 238 592 in
252 530 393 592 omnibus
407 528 512 593 officiis
530 530 646 627 nostris,
669 552 840 616 quanquam
854 533 885 595 ἃ
900 532 999 595 imbe-

205 634 292 697 cillus
306 635 337 698 δι
349 633 457 712 senior,
484 635 564 720 quast
573 637 695 720 juvenis
708 639 739 701 ἃ
753 638 870 699 validus
883 635 1001 720 conspi-

206 741 349 803 ciebatur.
395 740 621 825 Quantumllle
645 737 736 805 famae
759 762 835 805 meae
848 742 943 818 domi,
965 743 999 804 in

205 846 336 930 publico,
360 859 507 930 quantum
529 843 621 910 etiam
647 850 726 931 apud
750 847 919 931 Principem
943 849 998 909 ad·

204 949 327 1013 struxit?
360 949 446 1015 Nam
471 973 542 1015 cum
563 950 640 1016 forte
665 955 703 1015 de
728 954 815 1017 bonis
835 953 998 1037 juvenibus

205 1058 283 1138 apud
306 1054 446 1119 Nervam
476 1057 692 1142 Imperatorem
720 1057 815 1122 sermo
839 1058 996 1135 inciditur,

203 1163 234 1225 ἃ
259 1163 391 1247 plerique
415 1183 466 1226 me
485 1165 625 1227 laudibus
646 1162 774 1227 ferrentr
798 1163 943 1248 paulisper
966 1164 996 1226 st

203 1267 282 1331 intra
295 1267 443 1333 filentium
458 1271 565 1346 tenuit,
589 1272 670 1354 quod
683 1270 728 1333 illi
743 1270 908 1353 plurimum
923 1292 993 1335 auc-¹

202 1374 328 1437 totitatis
342 1376 488 1439 addebat:
505 1376 611 1439 deinde
622 1376 776 1458 gravitate,
790 1396 881 1459 quam
893 1394 995 1454 norasj

203 1477 314 1566 Neceffe
338 1482 376 1566 est
407 1475 529 1565 (inquit)
549 1481 669 1565 parcius
689 1482 799 1543 laudem
823 1481 992 1559 Secundum,

201 1584 269 1668 quia
284 1585 359 1648 nihil
377 1585 430 1670 nfi
450 1607 485 1647 ex
498 1584 604 1669 corfilio
623 1607 680 1648 meo
692 1584 783 1670 facit.
828 1585 902 1671 Qia
920 1607 994 1651 voce

200 1691 304 1754 tribuit
319 1690 407 1767 mihi,
430 1703 576 1775 quantum
591 1703 688 1774 petere
709 1703 781 1754 voto
795 1692 994 1756 immodicum

200 1807 274 1872 erat,
295 1795 371 1857 nihil
390 1814 441 1858 me
464 1792 561 1859 facere
589 1818 650 1860 non
675 1794 891 1880 sapientiffime,
922 1815 992 1861 cum
1052 1819 1058 1836 ¹

199 1900 303 1963 omnia
326 1921 365 1964 ex
391 1900 512 1966 confilio
538 1900 737 1986 sapientiffrmi
766 1902 822 1965 viri
848 1899 989 1967 facerem.

199 2003 379 2089 Qinetiam
402 2010 544 2083 moriens,
578 2007 650 2069 filiae
674 2005 735 2069 fuae
766 2010 812 2092 (ut
834 2006 895 2091 ipsa
921 2007 993 2072 solet

198 2108 370 2195 praedicare)
392 2113 491 2175 multos
505 2111 614 2196 quidem
628 2113 730 2176 amicos
750 2110 871 2203 (inquit)
893 2113 948 2177 tibi
960 2113 991 2177 in

197 2215 320 2301 longiore
331 2217 397 2281 vita
405 2217 527 2302 paravi,
543 2218 701 2304 praecipuos
714 2233 807 2282 tamen
821 2218 989 2296 Secundum,

110 2303 118 2318 ⁵
199 2323 422 2387 &Cornutum
467 2321 561 2408 Qud
583 2325 657 2386 dum
679 2325 826 2401 recordor,
857 2324 991 2408 intelligo

196 2428 272 2490 mihi
286 2429 495 2506 laborandum,
512 2449 550 2491 ne
564 2451 624 2513 qua
638 2443 721 2513 parte
737 2429 840 2493 videar
853 2431 933 2494 hane
952 2433 990 2493 de

196 2554 246 2596 me
273 2532 414 2596 fiduciam
448 2534 693 2618 providentiffrmi
729 2536 785 2599 viri
819 2535 987 2602 destituiffe.

196 2638 301 2724 Quare
318 2660 375 2722 ego
399 2659 470 2701 voro
490 2637 632 2704 Corelliae
651 2643 751 2705 adero'
763 2641 988 2726 promptiflime,

195 2765 251 2807 nee
272 2743 369 2807 subire
398 2741 524 2809 offensas
548 2745 704 2810 recusabo:
722 2767 904 2833 quanquam
926 2769 988 2812 non

193 2846 290 2913 solum
311 2851 431 2914 veniam
450 2870 512 2927 me,
532 2871 639 2913 verum
660 2852 753 2916 etiam
775 2854 896 2917 laudem
910 2857 988 2937 apud

194 2954 281 3018 istum
307 2956 415 3041 ipsum,
437 2958 456 3020 ai
480 2978 552 3042 quo,
579 2968 614 3019 ut
628 2956 683 3034 ais,
710 2978 790 3023 nova
810 2960 847 3022 lia
871 2955 989 3024 fortasse·
