2317 3767
292 296 297 304 ⁴
412 275 604 321 arnan
650 270 722 322 mn
900 266 962 338 ης

159 417 299 483 bibeam.
344 415 472 483 Interim
494 418 615 483 abunde
636 414 688 493 est,
712 411 735 476 fi
755 409 883 498 epistolae
900 432 963 477 non

166 521 234 586 sunt
248 521 387 587 molestae.
432 522 509 587 Sunt
531 536 646 599 autem,
668 521 699 585 δι
721 520 790 582 ideo
812 518 963 583 breviores

165 641 264 692 erunt.
310 627 421 691 Vale<

225 859 284 904 111.
321 859 354 905 C·
382 858 534 907 PLINIUS
562 818 748 902 Puffisuuvl
781 851 849 899 SUO
876 854 905 899 S.

168 1004 378 1115 Tauroni.
391 1048 603 1132 perseverantia
612 1061 646 1111 tu
662 1048 753 1111 modo
767 1047 798 1110 iu
811 1044 958 1124 Lucania,

166 1156 260 1218 modo
274 1155 306 1216 in
332 1152 524 1238 Campania?
570 1153 741 1239 Ipseenim,
758 1153 868 1237 inquis,
892 1153 959 1219 Lu-

165 1276 270 1335 canus,
295 1276 371 1321 uxor
396 1258 566 1343 Campana.
610 1258 694 1342 Justa
712 1257 798 1337 causa
818 1260 959 1344 longioris

89 1351 93 1357 ¹
165 1364 315 1442 absentiae,
332 1386 392 1429 non
403 1378 554 1449 perpetuae
568 1378 681 1429 tamen.
719 1363 806 1447 Qin
820 1385 889 1447 ergo
901 1364 958 1427 ali·

165 1473 286 1554 quando
307 1472 339 1533 in
356 1473 463 1545 urbem
485 1470 585 1533 redis?
615 1471 667 1532 ubi
689 1465 827 1552 dignitas,
849 1470 957 1546 honor,

164 1577 303 1638 amicitiae
317 1590 380 1639 tam
391 1574 551 1660 superiores
563 1595 654 1659 quam
666 1576 807 1637 minores.
835 1572 957 1658 Quous-

164 1699 223 1763 que
242 1681 397 1762 regnabis?
429 1679 580 1764 quousque
595 1681 741 1764 vigilabis,
763 1701 834 1743 cum
849 1680 953 1757 volesl

79 1846 81 1849 .
166 1786 296 1848 dormies
314 1785 470 1869 quamdiu·
487 1787 593 1849 voles?
616 1784 767 1870 quousque
785 1787 873 1849 calcei
887 1784 956 1849 nus·

165 1892 280 1974 quam?
308 1903 377 1974 toga
387 1887 515 1953 feriata?
536 1892 612 1953 liber
632 1902 709 1953 totos
726 1891 811 1953 dies?
839 1904 956 1975 tempus
997 1936 1004 1945 ,

163 1997 205 2059 est
223 2010 255 2067 vte
270 1995 393 2060 revisere
414 1996 561 2059 molestias
575 1995 698 2072 nostras,
719 1996 768 2057 vel
788 1996 827 2059 ob
841 1994 955 2059 hoclo-

162 2103 241 2182 lunp,
265 2104 304 2164 ne
322 2104 489 2186 voluptates
509 2101 569 2164 istae
592 2099 723 2163 satietate
745 2100 951 2184 languescant:

163 2196 429 2291 Salutapardisper,
457 2229 518 2292 quo
536 2206 570 2270 fit
595 2205 651 2270 tibi
671 2205 832 2291 jucundius
845 2206 953 2272 saluta-

163 2313 207 2375 rit
237 2315 377 2377 terere-in
390 2315 447 2378 hac
460 2315 559 2389 turba,
581 2326 614 2376 ut
628 2325 657 2374 te
677 2312 802 2376 solitudo
816 2314 951 2378 delebler.

164 2416 222 2481 Sed
243 2418 315 2502 quid
334 2419 518 2502 imprudens,
536 2439 627 2503 quem
641 2438 762 2481 evocare
776 2438 879 2495 conor,
904 2408 952 2481 ie·

164 2523 270 2586 tardo?
293 2519 409 2586 fortaffe
425 2524 508 2587 enim
531 2524 578 2589 his
600 2524 667 2608 ipfis
681 2524 862 2601 admoneris,
877 2536 911 2586 ut
923 2537 953 2585 te

147 2628 259 2713 ¹magis
278 2648 312 2691 ac
328 2629 424 2711 magis
445 2629 508 2692 otio
535 2628 684 2707 involvas,
705 2631 786 2714 quod
809 2648 865 2712 ego
891 2648 953 2691 nou

161 2734 311 2818 abrumpi,
324 2732 541 2798 sedintermitti
560 2735 642 2798 volo.
687 2734 734 2800 Ut
757 2734 840 2797 enim
853 2733 874 2797 fi
887 2754 950 2798 coe-

161 2860 234 2903 nam
254 2839 309 2902 tibi
324 2837 465 2916 facerem,
488 2841 625 2904 dulcibus
649 2840 723 2904 cibis
745 2858 824 2902 acres
837 2838 951 2903 acutos·

161 2966 219 3029 que
239 2943 464 3021 misceremur
484 2943 606 3009 obnisus
617 2946 690 3022 illis,
718 2944 879 3011 &oblitus
892 2943 949 3011 sto·

558 3049 594 3113 T
