2317 3767
230 249 293 332 426
391 268 849 318 c.1³1.1n.11·1s'r01.nn.

332 539 467 584 xxxm.
503 537 691 588 TRAJANUS
719 536 898 583 PL1N108.
976 554 979 557 ·

234 682 307 792 Er
335 740 369 792 ut
386 730 462 792 mihi
480 727 588 813 ieripfit
602 727 721 794 Gabius
737 728 852 805 Baffus,
879 749 941 793 nun
955 726 1021 791 suf·

231 835 317 897 ficere
331 833 383 897 sebi
403 855 473 898 eum
495 835 628 897 militum
642 854 813 911 numerum,
837 835 889 919 qui
910 848 944 898 ut
962 836 1020 896 da-

230 951 310 1001 retur
323 939 379 1013 ilii,
394 940 541 1003 mandatis
554 940 629 1003 meis
643 942 815 1035 conplexus
825 938 902 1003 sum.
929 939 1021 1024 Quot

231 1044 339 1128 quaeris
360 1042 494 1128 scripfiffe
517 1047 586 1107 me?
618 1058 652 1107 ut
676 1049 781 1108 notum
805 1046 942 1120 haberes,
970 1046 1021 1107 his

231 1149 323 1211 literis
345 1146 447 1233 subjici
462 1148 540 1232 juffi.
585 1149 725 1219 Multum
740 1150 867 1227 interest,
885 1171 932 1213 res
951 1148 1019 1232 pos·

230 1266 289 1329 cat,
307 1274 346 1315 an
360 1252 498 1317 homines
517 1242 662 1337 imperaie
675 1256 763 1319 latius
774 1258 878 1320 velint.
916 1253 1021 1319 Nobis

231 1372 332 1422 autem
352 1358 463 1422 utilitas
481 1361 604 1425 demum
625 1358 781 1444 speiianda
799 1361 851 1438 est,
873 1363 904 1425 ὃ(
922 1379 1022 1444 quan-

231 1476 299 1527 tum
313 1463 376 1527 fieri
390 1463 493 1548 potest,
517 1467 695 1543 curandum,
719 1487 757 1528 ne
776 1467 886 1530 milites
900 1469 919 1531 i
931 1465 1022 1548 signis

233 1569 337 1633 ebfint.
950 1574 954 1582 ’

335 1800 465 1871 xxnlv.
497 1800 529 1846 C·
546 1800 692 1846 PLINIUS
710 1800 769 1845 Te.
789 1799 868 1846 lm.
886 1802 916 1844 S.
971 1838 975 1847 .
994 1826 997 1831 -

235 1948 468 2071 pausemus,
497 1994 644 2076 Domine,
674 1994 826 2058 balineum
853 1994 966 2056 habent
991 1994 1025 2058 δι

232 2097 383 2162 sordidum
407 2102 437 2162 &
456 2113 561 2163 vetus:
590 2100 621 2161 id
641 2099 740 2184 itaque
764 2099 948 2180 indulgentia
969 2110 1026 2163 tua

233 2202 382 2267 restituere
397 2204 568 2267 desiderant.
607 2203 673 2288 Ego
687 2218 788 2267 tamen
804 2204 950 2267 aestimans
965 2225 1026 2267 no-

234 2329 308 2370 vum
322 2307 387 2371 fieri
400 2310 522 2371 deberi:
547 2310 655 2373 videris
669 2311 745 2372 mihi
759 2309 899 2375 defiderio
917 2328 1027 2373 eorum

232 2415 385 2499 indulgere
409 2413 499 2496 poffe.
545 2413 610 2478 Erit
639 2416 721 2478 enim
746 2415 871 2497 pecunia
897 2434 936 2476 ex
962 2434 1027 2498 qua

235 2518 297 2596 fiat,
321 2521 454 2604 primum
467 2541 513 2595 ea,
537 2541 628 2603 quam
648 2540 784 2583 revocare
805 2518 970 2601 ipnvatis,
991 2520 1027 2583 &

234 2626 350 2708 exigere
367 2625 433 2708 jam
455 2625 553 2709 coepi:
581 2625 698 2701 deinde,
725 2646 816 2708 quam
831 2623 882 2707 ipse
903 2644 1027 2707 erogare

234 2730 266 2791 in
290 2728 391 2793 oleum
419 2728 506 2805 soliti,
537 2729 631 2812 parati
662 2728 729 2793 sunt
757 2730 789 2792 in
813 2751 888 2812 opus
911 2730 1026 2792 balinei

234 2831 378 2910 conferre,
402 2838 484 2920 quod
506 2834 618 2917 alioqui
637 2835 668 2899 &
682 2835 809 2919 dignitas
823 2835 963 2914 civitatis,
990 2836 1025 2900 &

234 2936 324 3003 seculi
338 2940 382 3004 tui
396 2940 475 3005 nitor
487 2939 625 3027 postulat.
