2317 3767
423 295 692 346 arreni.
934 299 952 364 7

164 436 300 518 tissimus)
315 437 416 521 Rogo,
428 438 747 522 inquit,manevide2s
755 434 889 501 Plinium
897 438 953 501 do·

163 545 218 620 mi,
230 542 278 606 sed
292 544 380 628 plane
390 563 490 606 mane.
521 544 645 629 (Neque
659 545 741 607 enim
752 544 864 608 diutius
875 540 955 608 ferre

159 647 379 712 solicitudinem
397 645 528 732 polium)
542 651 573 714 ἃ
587 670 709 735 quoquo
723 651 816 714 modo
828 647 952 726 efficias,

157 775 198 817 ne
214 755 292 817 mihi
308 753 459 820 irascatur..
504 753 737 839 Evigilaveram.
782 753 954 830 Nuntius&

48 902 53 914 ·
159 858 314 942 Spurina;
350 858 452 926 Venio
480 861 518 922 ad
542 872 593 922 te:
630 859 733 923 Immo
756 880 812 943 ego
842 861 880 922 ad
908 873 950 925 te.

159 962 292 1030 Coimus
306 966 339 1032 in
353 965 501 1048 porticum
513 963 623 1028 Liviae.
660 964 744 1030 Cum
759 966 833 1029 alter
850 968 888 1028 ad
907 968 953 1030 al·

157 1077 264 1132 terum
279 1072 480 1146 tenderemus,
516 1070 638 1154 exponit
665 1069 774 1154 Reguli
797 1073 951 1150 mandata,

160 1175 247 1237 addit
266 1195 367 1257 preces
386 1174 463 1252 suae,
488 1188 521 1237 ut
542 1178 665 1239 decebat
679 1177 829 1259 optimum
852 1177 953 1240 virum

158 1301 216 1362 pro
237 1280 449 1344 dissimillimo:
480 1279 571 1344 Parce
600 1282 747 1364 inquiens.
793 1278 856 1345 Cui
883 1303 951 1366 ego,

159 1383 311 1469 Dispicies
325 1385 383 1470 ipse
395 1387 468 1470 quid
478 1387 712 1449 renuntiandum
723 1385 841 1468 Regulo
854 1399 950 1469 putea.

159 1488 220 1553 Te'
233 1492 329 1574 decipi
352 1490 369 1555 ai
386 1513 511 1555 menon
529 1503 656 1575 oportet.
701 1489 837 1573 Expecto
857 1490 953 1558 Mau·

160 1595 259 1658 ricum
280 1598 427 1680 (nondum
449 1598 531 1660 enim
554 1599 593 1660 ab
612 1597 704 1661 exilio
726 1592 861 1675 venerat)
885 1596 953 1664 ideo

161 1699 241 1764 nihil
255 1701 425 1765 alterutram
443 1704 475 1764 in
489 1715 605 1787 partem
622 1701 794 1785 respondere
815 1702 871 1766 tibi
885 1701 952 1787 pos·

159 1803 241 1883 sum,
264 1803 396 1870 facinus
408 1809 549 1892 quicquid
569 1809 620 1871 ille
638 1809 811 1872 decreverit.
856 1807 951 1874 Illum

159 1913 245 1975 enim
269 1910 327 1975 ess'e
348 1913 439 1997 hujus
460 1912 574 1976 ¹consilii
596 1915 717 1989 ducem,
741 1934 791 1977 me
809 1916 952 1978 comitem

158 2021 257 2081 decet.
302 2015 417 2082 Paucos
430 2018 493 2102 post
511 2019 573 2082 dies
588 2017 647 2101 ipse
662 2040 712 2081 mc
729 2018 863 2103 Regulus
878 2040 953 2084 con·

158 2125 245 2189 venit
265 2125 297 2187 in
322 2126 455 2208 praetoris
477 2122 586 2188 officio.
625 2125 703 2189 Illuc
722 2145 772 2187 me
785 2124 954 2209 persecutus

157 2230 307 2294 secretum
325 2230 409 2313 petit.
454 2228 509 2292 Ait
525 2231 630 2294 timere
650 2230 691 2309 se,
714 2252 753 2294 ne
766 2232 870 2294 animo
883 2252 953 2294 meo

158 2337 280 2420 penitus
299 2337 436 2412 haereret‚
461 2338 541 2420 quod
560 2338 593 2399 in
615 2336 824 2401 centumvirali
835 2336 952 2422 judicio

158 2442 323 2525 aliquando
337 2439 467 2519 dixisset,
479 2461 550 2504 cum
564 2442 718 2526 respondet
727 2443 802 2506 mihi
812 2445 843 2508 ἃ
855 2441 952 2506 Satrio

161 2544 258 2623 Rufo,
276 2547 393 2610 Satrius
402 2547 514 2632 Rufus,
526 2546 575 2610 cui
593 2549 631 2632 est
645 2572 707 2611 cum
720 2548 850 2613 Cicerone
863 2572 951 2613 aemu·

162 2652 252 2715 latio.-
275 2655 311 2719 ἔθ’
328 2653 379 2738 qui
402 2666 544 2716 contentus
557 2677 611 2716 non
633 2655 671 2739 est
693 2653 847 2738 eloquenlia
858 2653 955 2738 seculi

159 2756 257 2842 nosiri.
303 2758 465 2843 Respondi,
489 2779 569 2821 nunc
583 2779 632 2820 me
645 2759 808 2843 intelligere
822 2758 952 2841 maligne

161 2864 290 2940 dietum,
311 2865 381 2948 quia
399 2863 458 2947 ipse
476 2864 682 2928 confiteretur:
706 2877 849 2927 caeterum
863 2877 951 2946 potu·

160 2968 213 3033 iffe
226 2968 426 3034 honorificum
437 2969 610 3035 existimari.
641 2969 800 3060 Estenim,
815 2967 950 3053 inquam,

562 3074 588 3139 B
608 3093 631 3153 4
