2317 3767
341 312 598 383 “ursus
646 311 733 360 uns
772 319 781 359 r,
904 295 965 372 229

171 456 252 532 nias,
268 455 298 519 &
313 450 452 538 suffragio
466 476 535 519 meo
548 468 635 519 tuum
644 456 767 540 jungas,
782 449 965 537 permultum

173 556 290 624 interest
302 582 381 636 mea,
402 573 432 624 te
453 560 596 625 ostentare
609 562 640 624 &
654 579 774 625 mecum
795 555 962 621 circumire.

174 663 221 728 Eu
234 664 443 730 estaucioritas'
454 679 517 744 tua,
530 681 564 730 ut
575 679 678 751 putem
692 686 742 727 me
758 661 904 726 efficacius
918 664 966 751 te*

172 791 242 835 cum
255 774 354 835 etiam'
366 793 450 835 meos
471 773 585 837 amicos
599 784 782 856 rogaturum.
826 767 963 831 Abrum-

173 897 221 959 pe,
246 875 267 940 fi
293 892 405 961 quate
434 879 572 941 retinent.
616 875 686 944 Hoc
707 888 825 959 tempus
847 886 964 948 me'um,

172 982 229 1043 hoc
242 982 328 1057 fides,
348 983 405 1045 hoc
424 983 654 1065 etiamdignitas
667 980 802 1064 postulat.
848 978 964 1062 Suscepi

172 1085 424 1152 Candidatum'&
445 1086 593 1170 suscepisse
617 1107 667 1149 me
692 1099 799 1149 notum
819 1083 877 1148 est:
908 1105 964 1167 ego

170 1176 285 1269 ambio,
300 1213 356 1276 ego
369 1192 526 1276 periclitor.
561 1190 601 1255 In
615 1190 744 1267 summa,
758 1189 880 1254 sr'datur
892 1188 963 1253 N'a·

171 1296 234 1360 soni
248 1299 329 1382 quod
350 1299 435 1382 petit,
458 1297 539 1360 illius
559 1297 677 1360 honor:
707 1295 878 1377 srncgator,
895 1314 963 1359 mea

108 1425 110 1427 ’
171 1401 348 1486 repulsa'esl.
394 1403 483 1467 Vale.
797 1414 800 1421 ’
955 1413 958 1419 ’

100 1656 104 1663 -
191 1633 266 1678 v11.
306 1633 340 1678 C.
366 1632 512 1678 PLINIUS
537 1630 790 1680 CALPHURNIAE
815 1630 891 1676 811AE
919 1629 948 1674 S.

179 1767 340 1886 scurris
357 1837 386 1885 te
400 1821 530 1887 absentia
543 1836 611 1887 mea
630 1845 692 1886 non
713 1823 899 1886 mediocriter
917 1818 963 1886 af·

172 1926 243 1991 fici:
265 1940 419 2013 unumque
438 1929 547 1991 habere
568 1928 719 2004 solarium,
744 1929 825 2013 quod
849 1947 903 2011 pro
915 1949 965 1991 me

60 2089 64 2093 .
172 2034 289 2098 libellos
300 2054 384 2098 meos
397 2047 508 2110 teneas,
524 2031 599 2117 saepe
612 2034 703 2097 etiam
717 2033 748 2096 in
763 2032 883 2116 uestigio
896 2054 966 2097 meo

172 2141 317 2204 colloces:
341 2153 459 2223 gratum
482 2138 533 2217 est,
557 2141 638 2223 quod
663 2160 718 2201 nos
732 2139 869 2222 requiris,
884 2141 965 2224 quod

54 2296 58 2299 1
172 2245 220 2307 his
243 2241 385 2311 fomentis
411 2243 577 2330 acquiescis.
624 2243 760 2309 Invicem
782 2264 838 2328 ego
859 2245 964 2329 episto-

169 2351 218 2411 las
241 2361 308 2413 tuas
332 2349 450 2429 leciito,‘
477 2364 563 2435 atque
579 2351 754 2414 identidem
789 2352 821 2413 in
857 2372 964 2415 manus

174 2453 254 2536 quasr
268 2470 365 2518 ‘novas
378 2454 484 2532 sum03
512 2454 560 2519 sed
571 2477 608 2519 eo
629 2455 724 2539 magis
738 2458 776 2518 ad
791 2456 965 2520 desiderium

173 2559 218 2620 tui
232 2561 384 2623 accendor.
396 2578 398 2583 ’
414 2559 503 2624 Nam
517 2544 603 2646 cujus
616 2561 710 2624 literae
724 2573 841 2627 tanturn
853 2561 965 2629 habent
1027 2570 1031 2577 ’

172 2663 334 2742 suavitatis,
363 2664 453 2749 hujus
480 2663 668 2730 sermonibus
692 2675 840 2750 quantum
863 2665 964 2727 dulce·

173 2770 251 2832 dinis
273 2769 371 2833 inest?
415 2769 473 2835 Tu
494 2784 596 2835 tamen
611 2768 842 2855 frequentissime
860 2768 963 2848 scribe,

172 2874 241 2938 licet
254 2876 312 2939 hoc
323 2875 365 2939 ita
379 2875 566 2938 medeleuet
578 2889 612 2939 ut
620 2885 764 2959 torqueat.
810 2872 900 2941 vale

528 3001 597 3088 Qs
