2317 3767
417 264 703 322 ordonn,
882 244 947 330 481¹

143 410 255 475 cives:
276 404 456 475 infuturum
470 419 571 475 autem
586 410 636 475 lex
651 405 796 493 Pompeja
808 391 945 472 observa·
1014 456 1017 463 ,

155 526 247 590 retur,
263 515 349 599 cujus
367 516 432 581 vim
446 515 467 577 fi
480 529 559 580 retro
572 535 691 600 quoque
706 514 835 578 velimus
851 511 946 578 custo-

76 636 78 640 ·
157 621 344 701 diie,mu1ta
362 619 526 687 neceffeest
539 620 715 707 perturbari.

261 848 386 896 cxvrl.
416 849 449 896 C·
472 851 618 896 PLINIUS
640 852 700 897 TR·
722 850 801 894 IMP·
820 851 849 894 S.

159 995 260 1128 Qol
286 1040 405 1105 virilem
419 1056 520 1125 togam
533 1041 666 1118 sumunt,
691 1041 740 1103 vel
758 1041 876 1125 nuptias
900 1037 947 1104 fa-

153 1146 251 1222 dunt,
278 1147 326 1209 vel
342 1147 447 1211 ineunt
466 1149 682 1232 magistratum,
700 1149 749 1211 vel
760 1170 834 1231 opus
848 1149 946 1231 publi·

157 1271 229 1314 cum
244 1251 393 1330 dedicant,
417 1251 512 1317 solent
524 1265 620 1317 totam
635 1254 738 1328 bulen,
754 1265 842 1337 atque
856 1253 947 1315 etiam

157 1353 176 1419 ci
196 1358 282 1441 plebe
302 1377 365 1421 non
388 1357 531 1442 exiguum
545 1379 705 1422 numerum
716 1377 833 1433 vocare,
848 1355 948 1420 binos·

157 1483 216 1545 que
229 1461 365 1525 denarios
378 1465 429 1526 vel
450 1463 579 1547 fingulos
600 1465 682 1540 dare,
705 1464 786 1546 quod
806 1482 845 1524 an
870 1462 947 1524 cele-

156 1569 317 1644 brandum,
333 1569 365 1631 δε
377 1581 523 1654 quatenus
536 1581 635 1654 putes,
647 1589 720 1651 rogo
732 1566 851 1631 scribas.
883 1564 949 1649 lpse

156 1674 239 1738 enirn
257 1674 330 1738 ficut
353 1675 490 1751 arbitror,
513 1694 575 1738 non
589 1675 803 1757 imprudenter,
828 1670 948 1756 praeser-

158 1780 215 1842 tim
240 1801 277 1843 ex
302 1779 472 1844 solennibus
500 1779 604 1857 causis,
632 1780 858 1843 concedendum
879 1775 948 1860 juiir

157 1990 267 2067 mines,
287 1990 437 2055 interdurn
451 1991 542 2054 etiam
555 1991 655 2073 plures
680 2000 799 2063 vocant,
822 1991 949 2052 modum

157 2100 310 2174 excedere,
330 2097 361 2162 δε
379 2094 550 2180 inspeciem
566 2095 738 2159 diamoeries
763 2094 947 2160 inciderevi·

157 2202 293 2267 deantur.
306 2244 310 2248 -

207 2477 209 2482 .
320 2431 458 2481 cxvrrr.
492 2434 549 2479 rc.
569 2433 695 2479 cornio
717 2398 748 2477 ἐ.

160 2580 345 2697 Memno
363 2625 471 2688 vereris
481 2647 520 2689 ne
530 2624 562 2689 in
575 2625 702 2710 speciem
717 2624 888 2686 diamoeries
902 2621 948 2685 in·

158 2733 239 2799 cidat
263 2728 411 2806 invitatio,
435 2752 503 2815 quae
524 2733 555 2795 ἃ
569 2731 602 2793 in
616 2750 742 2795 numero
755 2730 881 2793 modum
896 2748 948 2790 ex-

158 2839 253 2905 cedit:
274 2840 306 2902 &
319 2837 400 2921 quast
417 2858 469 2921 per
481 2857 605 2920 corpora
618 2856 680 2903 non
692 2834 807 2907 ,viritim
821 2832 950 2917 singulos

155 2966 196 3009 ex
209 2944 314 3010 notitia
327 2946 366 3010 ad
380 2942 513 3008 solennes
527 2942 670 3026 sportulas
688 2939 846 3005 contrahit.
891 2938 949 3002 Sed

551 3046 595 3115 li
