2317 3767
372 303 719 356 ··11·naavi.
797 318 804 325 ·
904 275 960 349 261

239 573 324 620 xxx.
365 573 399 618 c.
426 541 575 619 ramma
600 569 750 618 muno
774 565 843 615 suo
869 564 898 610 s.

174 716 391 841 Daumius,
403 778 453 828 me
467 764 611 844 Hercule,
633 764 747 829 natales
761 775 829 825 tuos
842 755 963 845 perinde

173 889 207 930 ac
229 870 343 933 nostroe
356 871 515 946 celebrare,
530 891 601 934 cum
613 870 716 933 laetitia
737 866 904 931 nostrorum
925 882 963 927 ex

173 974 231 1037 tuis
244 978 384 1060 pendeat,
399 975 485 1059 cujus
495 976 647 1058 diligentia
657 975 688 1039 δε
698 992 769 1039 cura
778 973 830 1036 hic
841 971 967 1047 hilarem

172 1078 234 1143 istic
252 1079 343 1143 securi
364 1079 477 1143 sumus.
523 1079 608 1144 Villa
621 1079 798 1145 Camilliani
818 1099 909 1162 quam
930 1077 964 1139 in

174 1182 344 1268 Campania
357 1184 492 1267 possides,
507 1184 548 1247 est
558 1185 680 1268 quidem
690 1182 830 1247 vetustate
844 1195 960 1258 vexata,

173 1309 209 1351 ea
222 1303 335 1364 tamen,
351 1310 419 1373 quae
436 1288 503 1352 sunt
516 1287 694 1374 pretiofiora‚
709 1301 762 1351 aut
771 1289 884 1370 integra
897 1309 965 1353 ma-

174 1407 257 1470 nent,
284 1407 337 1457 aut
374 1394 518 1459 levissune
542 1393 611 1457 laesa
629 1392 710 1457 sunt.
764 1392 964 1457 Attendamus

174 1521 244 1583 ergo
257 1512 291 1562 ut
304 1520 395 1583 quam
410 1498 601 1564 saluberrime
614 1499 793 1563 reficiantur.
837 1496 904 1580 Ego
918 1497 965 1561 vi·

175 1605 248 1666 deor
259 1605 374 1665 habere·
387 1606 499 1669 multos
519 1605 645 1681 amicus,
670 1602 719 1667 sed
733 1603 824 1688 hujus
836 1602 963 1686 generis,

175 1710 261 1794 cujus
274 1710 305 1772 &
326 1721 361 1771 tu
374 1710 494 1791 quaeris,
516 1711 548 1773 δι
569 1724 616 1772 res
629 1710 732 1793 exigit,
754 1728 845 1793 prope
866 1708 964 1772 nemi·

175 1835 258 1878 nem.
302 1812 378 1877 Sunt
390 1813 472 1875 enim
486 1835 591 1877 omnes
604 1816 696 1897 togati
706 1816 736 1879 &
747 1815 871 1879 urbani:
900 1813 963 1879 rus-

175 1922 303 1984 ticorum
325 1931 426 1982 autem
440 1919 621 2001 praediorum
639 1919 851 1989 administratio
874 1920 964 2004 poscit

174 2029 284 2090 durum
298 2024 429 2108 aliquem
448 2025 480 2087 &
493 2023 647 2106 agrestem
670 2025 720 2088 eui
738 2044 792 2088 noc
816 2026 901 2090 labor
913 2027 964 2093 ille

173 2131 283 2214 gravis,
303 2144 359 2191 nee
379 2149 451 2192 cura
470 2127 595 2205 sordida,
610 2149 666 2192 nec
679 2129 767 2194 uiuis
779 2130 906 2197 solitudo
915 2135 963 2198 vi-

175 2236 288 2298 deutur.
311 2233 369 2297 Tu
380 2230 514 2298 deRufo
528 2232 722 2298 honestissime
735 2237 856 2319 cogitaui
892 2238 963 2304 Fuit

175 2340 257 2401 enim
280 2339 344 2402 filio
365 2335 598 2404 tuofamiliaris.
643 2339 729 2425 Qiid
750 2353 852 2405 tamen
878 2346 965 2408 nobia'

177 2442 229 2543 ibi,
247 2443 379 2525 praestare
407 2443 503 2527 poisat,
534 2445 660 2527 ignotus
687 2447 764 2509 velle
786 2448 962 2530 plurimum,

176 2549 274 2609 credo.
320 2546 408 2611 Vale.
