2317 3767
238 274 280 346 34
395 276 864 324 c.ra1u.aersroann.

235 420 324 482 bonae
345 440 403 495 res,
430 419 472 482 ita
482 421 579 483 bonus
598 420 674 482 liber
703 417 824 504 quisque
845 420 952 484 melior
973 420 1027 496 est,

190 595 192 602 <
236 547 297 610 quo
307 525 412 611 major.
439 524 533 589 Vides
541 538 575 589 ut
586 525 705 600 statuas,
715 526 805 609 signa,
815 526 957 611 pitturas,
969 526 1045 608 hog

235 632 354 695 minum
368 633 506 716 denique,
530 633 753 716 multorumque
767 631 945 694 animalium
959 628 1028 706 ¹for-

236 757 313 813 mas,
334 740 475 803 arborum
489 739 592 815 etiam,
609 738 731 803 fimodo
741 737 797 803 smt
807 741 933 814 decorae,
951 739 1030 801 nihil

235 844 342 929 magis,
354 866 445 929 quam
456 845 623 930 amplitudo
632 847 833 909 commendet.
860 844 948 909 Idem
959 866 1027 907 ora·

235 950 366 1014 tionibus
385 951 501 1014 evenit:
529 931 603 1035 quin
629 952 719 1014 etiam
734 952 938 1015 voluminibus
959 949 1026 1035 ipsis

235 1056 440 1121 autloritatem
466 1058 671 1142 quandam&
696 1057 947 1141 pulchritudinem
972 1057 1027 1118 ad·

230 1160 297 1245 jicit
309 1164 493 1247 magnitudo,
527 1164 610 1228 Haec-
620 1164 682 1240 ille,
702 1165 855 1246 multaque
868 1163 937 1239 alia,
959 1183 1028 1245 quae

235 1264 253 1330 i
276 1271 373 1332 mein
393 1271 519 1333 eandem
539 1269 714 1333 sententiam
734 1268 828 1332 solent
840 1268 911 1343 dici,
937 1280 970 1332 ut
986 1267 1029 1331 est

234 1372 266 1435 in
291 1374 466 1460 disputando
492 1374 795 1459 incomprehensibilis
823 1375 853 1437 ἃ
882 1374 1027 1449 lubricus,

235 1479 275 1542 ita
288 1482 393 1558 eludit,
419 1496 453 1546 ut
470 1484 630 1545 contendat
640 1483 696 1543 hos
711 1478 799 1565 ipsos,
817 1501 945 1565 quorum
958 1502 1027 1544 ora·

233 1585 364 1651 tionibus
375 1588 466 1663 nitor,
484 1586 624 1671 pauciora
637 1585 751 1662 dixisse,
765 1607 856 1670 quam
869 1586 1024 1649 ediderint.

234 1690 301 1784 Ego
325 1706 432 1756 contra
451 1705 535 1777 puto.
579 1690 688 1758 Testes
708 1690 775 1755 sunt
794 1693 900 1755 multae
913 1693 1026 1755 multo-

234 1817 302 1859 rum
316 1798 476 1874 orationes,
499 1798 529 1863 &
552 1796 708 1863 Ciceronis
730 1819 784 1883 pro
801 1798 946 1874 Murena,
973 1821 1027 1883 pro

236 1900 373 1968 Vareno:
386 1905 419 1969 ln
426 1906 534 1989 qulbus
540 1905 674 1969 brevis&
683 1907 763 1970 nuda
770 1905 849 1988 quasi
857 1904 1026 1990 subscriptio

233 2116 281 2178 his
300 2120 431 2201 apparet,
447 2116 702 2200 illumpermulta
726 2117 841 2194 dixisse,
865 2139 936 2182 cum
956 2120 1026 2181 ede-

233 2234 289 2298 ret,
315 2220 450 2287 omififfe.
497 2220 584 2287 Idem
595 2244 649 2306 pro
660 2221 805 2288 Cluentio
819 2225 872 2299 ait,
887 2224 926 2310 se
939 2239 1026 2290 totam

194 2411 197 2418 .
233 2326 347 2414 causam
370 2326 463 2391 veteri
487 2326 611 2413 irssitulo
629 2328 725 2414 solum
740 2332 895 2418 perorcffe,
921 2332 1028 2415 &pro

235 2432 380 2499 Cornelio
408 2433 560 2520 quatriduo
586 2435 678 2523 egiffe:
707 2457 746 2499 ne
771 2437 906 2501 dubitare
938 2436 1027 2521 posfi-

234 2560 314 2616 mus,
329 2561 397 2624 quae
410 2562 463 2624 per
472 2541 570 2625 plures
580 2543 656 2618 dies,
676 2556 710 2606 ut
722 2543 835 2608 necesse
845 2558 920 2620 erat,
935 2545 1025 2609 latius

232 2647 351 2723 dixerit,
376 2645 474 2731 postea
492 2646 593 2723 recisa,
616 2669 651 2712 ac
673 2663 800 2734 purgata
819 2650 852 2712 in
868 2671 965 2715 unum
986 2650 1024 2713 li·

233 2757 334 2830 brum,
356 2754 500 2836 grandem
514 2753 650 2837 quidem,
673 2776 768 2818 unum
787 2769 901 2840 tamen,
924 2778 1025 2820 coarc-

232 2859 315 2923 tasse.
359 2856 404 2922 At
425 2859 506 2924 aliud
530 2859 570 2921 est
590 2860 669 2923 aclio
691 2862 783 2937 bona,
810 2862 894 2925 aliud
917 2864 1024 2932 oratio.

233 2965 301 3032 scio
314 2965 468 3031 nonnullis
478 2965 520 3028 ita
531 2965 637 3042 videri,
649 2963 699 3029 sed
711 2987 767 3050 ego
782 2963 913 3050 (forsitan
923 2964 1025 3046 fallor)
