2317 3767
386 297 577 347 uranu
624 296 767 347 vura·
884 295 945 364 349

154 442 300 521 herbidae,
313 462 417 506 omnes
433 442 622 506 arundine&
640 441 731 525 junco
747 437 845 515 tedae,
861 459 945 522 quae-

149 571 214 634 ‘que
233 550 291 613 alia
305 545 474 613 foecundior
495 549 591 631 palus3
607 546 726 632 ipsaque
736 545 789 608 illa
801 544 948 607 extremi

156 666 201 717 tas
216 657 297 718 lacus
311 652 406 717 effert.
450 652 509 716 Sua
524 654 630 737 cuique
644 651 751 734 figura,
767 662 801 715 ut
815 648 943 711 modus':

155 760 270 823 cundiis
306 780 411 841 margo
441 756 568 833 derasus,
601 758 670 841 quia
697 752 867 839 frequenter
888 752 946 837 ‘'vel

154 862 234 926 litori
264 867 312 927 vel
331 864 384 927 fibi
409 863 491 926 illisae
506 874 607 924 terunt
630 873 834 944 terunturque.
886 857 946 922 Par

155 970 296 1031 omnibus
310 971 447 1043 altitude,
468 988 521 1050 par
541 967 666 1029 levitas:
696 965 804 1049 quippe
826 965 858 1027 in
880 963 943 1047 spe-

152 1073 230 1134 ciem
257 1074 367 1135 carinae
387 1073 496 1134 humili
509 1072 607 1133 radice
631 1068 820 1132 descendunt.
865 1068 943 1132 Haec

153 1179 192 1239 ab
211 1178 295 1239 omni
315 1179 405 1238 latere
418 1175 605 1259 perspiciturz
630 1176 734 1236 eadem
748 1194 825 1258 aqua
835 1176 943 1257 pariter

152 1280 328 1365 suspensa&
342 1280 445 1344 mersa.
493 1279 772 1363 Interdumjunctae
781 1279 942 1361 copulatae·

152 1408 211 1470 que
234 1386 266 1450 &
292 1386 455 1449 continenti
473 1385 581 1449 similes
604 1383 688 1447 sunt:
719 1384 868 1446 interdum
884 1383 941 1446 dis·
1019 1382 1022 1387 ’

150 1492 340 1555 cordantibus
370 1492 467 1554 ventis
494 1492 682 1575 digenrntur:
722 1509 938 1573 nonnunquam

152 1595 297 1658 destitutae
310 1598 521 1681 tranquillitate
545 1596 666 1679 singulae
683 1593 813 1657 fluitant.
857 1592 941 1677 Saepe

153 1702 284 1763 minores
303 1702 476 1785 majoribus,
488 1733 491 1737 ·
504 1702 587 1763 velut
610 1702 760 1785 cymbula
787 1700 938 1777 onerariis,

151 1805 369 1868 adhaerescunt:
399 1805 481 1890 Saepe
492 1807 569 1869 inter
578 1805 607 1868 se
617 1806 744 1890 majores
755 1805 939 1891 minoresque

150 1909 230 1995 quali
255 1910 372 1974 cursum
390 1912 598 1994 certamenque
613 1910 781 1974 desumunt.
825 1910 938 1975 Rursus

149 2034 255 2079 omnes
269 2017 300 2079 in
308 2019 439 2080 eundern
449 2018 551 2080 locum
562 2015 702 2099 appulsae,
714 2038 773 2101 qua
785 2016 936 2094 steterunt,

6 2134 11 2139 “
45 2194 47 2198 ⁴
149 2134 326 2204 promovent
351 2123 526 2203 terrama&
549 2124 640 2185 modo
668 2123 735 2198 hac,
756 2124 847 2185 modo
868 2124 937 2187 illac

148 2228 249 2290 lacum
268 2230 396 2291 reddunt
410 2212 629 2311 auferuntque:
655 2248 691 2291 ac
712 2241 778 2290 tum
799 2218 944 2306 demum(

148 2348 217 2393 curn
233 2333 365 2396 medium
381 2345 514 2407 tenuere,
539 2354 601 2396 non
614 2334 804 2397 contrahunt.
850 2320 948 2398 Con-⁴

147 2432 202 2495 stat
225 2456 330 2517 pecora
354 2438 460 2502 herbas
480 2438 587 2514 secuta,
613 2438 652 2501 fic
677 2440 709 2501 in
734 2438 842 2503 insulas
856 2441 933 2518 illas,

148 2540 237 2602 utin
265 2553 428 2605 extremam
456 2546 552 2627 ripam
577 2547 733 2627 procedere
751 2543 853 2621 solere,
881 2567 935 2608 nee

147 2645 229 2727 prius
256 2646 418 2729 intelligere
446 2649 557 2711 mobile
589 2648 696 2726 solum,
727 2670 818 2734 quam
849 2650 934 2713 litore

147 2752 279 2833 abrepta,
303 2752 382 2834 quafi
405 2753 486 2815 illata
505 2755 535 2818 δι
554 2754 700 2837 impolita,
714 2753 934 2819 *circumfusum

21 2920 29 2929 ,
113 2918 115 2923 ,
146 2854 279 2939 undique
292 2858 390 2919 lacum
404 2871 523 2941 pavent.
568 2860 650 2923 Mox
667 2881 728 2945 quo
746 2861 847 2923 tulerit
860 2851 944 2923 ven·¹

138 2974 195 3025 *tos
213 2961 333 3045 egressa,
359 2980 421 3025 non
442 2964 584 3048 magis‘se
612 2964 786 3029 descendille
812 2960 942 3047 sentire,⁴
