2317 3767
198 277 241 349 92
368 280 402 328 c.
427 261 831 332 PL1N.‘EP18·ro·LAu.

205 532 258 595 ιἰ.
291 546 325 594 c.
350 547 499 595 orturus
523 547 645 595 onvro
669 548 828 594 unxiuo
853 545 922 594 suo
947 551 976 593 s.

199 695 338 825 Quot)
366 739 426 824 ipse
454 742 558 805 amicis
586 740 645 805 tuis
667 741 837 806 obuuiffem
861 742 883 805 fi
910 743 987 807 mihi

149 879 151 884 ·
195 849 300 909 eadem
319 848 444 910 materia
455 846 630 931 suppeteret,
652 848 684 909 id
705 847 786 911 nunc
795 849 864 933 jure
886 849 990 920 videor

195 954 257 1018 ite
278 953 354 1015 meis
369 953 524 1036 petiturus.
569 951 717 1016 Arrianus
729 950 886 1017 Maturius
905 953 988 1016 Alti-

196 1059 314 1122 natium
327 1058 368 1121 esi
380 1058 526 1142 princeps.
571 1057 657 1121 Cum
671 1059 738 1122 dico
754 1060 901 1143 princeps,
926 1080 988 1122 non

195 1166 233 1226 de
257 1161 449 1227 facultatibus
470 1165 589 1247 loquor,
620 1185 688 1247 quae
713 1161 775 1227 1111
782 1166 863 1249 large
887 1163 987 1249 super-

195 1269 280 1333 sunt:
302 1268 352 1332 sed
371 1269 408 1331 de
429 1267 571 1346 c'aiiitate,
587 1269 711 1353 justitia,
733 1272 889 1353 gravitate,
914 1292 987 1355 pru-

195 1377 307 1440 dentia.
352 1375 456 1461 Hujus
480 1396 536 1459 ego
556 1375 678 1438 consilio
689 1377 723 1438 in
737 1378 882 1462 negotiis:
903 1378 988 1462 judi·
1120 1386 1123 1389 ’

195 1483 244 1545 cio
257 1483 289 1545 in
303 1481 404 1545 studiis
418 1494 496 1545 utor.
540 1480 626 1544 Nam
646 1482 811 1565 plurimum
825 1482 895 1558 fide,
918 1485 986 1567 plu·

195 1588 308 1652 timum
318 1588 453 1660 veritate,
473 1587 637 1670 plurimum
652 1587 844 1670 intelligentia
858 1588 984 1671 praestat.

197 1693 291 1757 Amat
313 1712 363 1754 me
390 1692 479 1775 (nihil
503 1690 620 1774 p'offum
645 1693 795 1756 ardentius
820 1692 929 1774 dicere)
954 1709 987 1758 ut

196 1803 242 1862 tu.
286 1797 381 1862 Caret
402 1798 529 1872 ambitu,
556 1798 624 1860 ideo
644 1798 673 1860 se
695 1800 727 1861 in
746 1799 870 1884 equestri
891 1803 986 1883 gradu

195 1903 292 1966 tenuit
314 1908 386 1966 'curn
410 1898 497 1967 facile
510 1904 604 1987 poffet
627 1902 780 1968 ascendere
800 1905 982 1970 altissimum.

196 2008 280 2073 Mihi
294 2023 396 2072 tarnen
412 2012 562 2074 ornandus
576 2010 810 2095 excolendusque
823 2012 874 2075 est.
921 2013 984 2076 Ita-

195 2137 254 2201 que
268 2117 369 2199 magni
382 2115 495 2179 aestimo
513 2117 649 2199 dignitati
669 2117 734 2201 ejus
748 2119 858 2202 aliquid
873 2119 986 2183 adlim-

196 2244 245 2286 cre
259 2223 458 2307 inopinantis,‘
468 2220 634 2299 nescientis,
655 2223 750 2286 immo
763 2224 854 2287 etiam
868 2222 985 2287 fortaffe

70 2411 72 2416 Α
195 2329 343 2392 nolentis:
370 2327 516 2392 adstruere
529 2335 631 2392 autem
645 2331 726 2413 quod
744 2328 778 2391 fit
798 2328 983 2413 splendidum

195 2455 250 2498 nec
275 2432 450 2498 molestum:
475 2433 561 2518 cujus
587 2434 702 2517 generis
726 2457 795 2518 quae
815 2437 912 2519 prima
933 2459 984 2500 oc-

142 2606 145 2610 .
195 2540 270 2606 calio
283 2542 351 2624 tibi3v
369 2536 504 2603 conferas
519 2540 550 2602 in
563 2560 635 2602 eum
650 2559 732 2622 rogo.
771 2539 908 2605 Habebis
922 2536 983 2619 ine,

194 2648 319 2714 habebis
332 2645 427 2731 ipsum
440 2644 636 2729 gratiffimum
652 2648 826 2709 debitorem.
864 2646 984 2731 Quam-

193 2757 242 2819 vis
267 2753 350 2816 enim
375 2751 428 2815 ista
449 2772 511 2814 non
532 2764 661 2835 appetat,
690 2763 752 2814 tam
778 2766 860 2836 grate
885 2766 987 2816 tamen

195 2858 314 2946 excipit,
333 2857 460 2945 quatn'st
472 2857 667 2943 concupiscat.
714 2856 802 2922 Vale.
