2317 3767
225 260 287 352 316
386 284 420 330 c.
447 285 562 333 ruris.
590 272 846 334 arrsrouan.

235 652 237 656 ,
307 587 353 630 11.
393 587 427 632 C·
456 589 603 632 PLINIUS
622 588 802 634 CALVISIO
819 586 887 647 SUO
912 588 941 630 S.

230 731 343 843 Ain
371 780 403 841 in
431 780 541 862 praedia
565 779 616 844 sua
630 780 864 865 proficiscuntur,
888 792 922 842 ut
935 780 1024 842 locu-

229 883 366 966 pletiores
379 898 581 969 revertantur3
602 908 657 969 ego
671 899 705 948 ut
715 887 881 971 pauperior.
905 884 1024 947 Vendi-

231 988 332 1050 deram
347 990 511 1052 vindemias
526 993 663 1054 certatim
677 992 907 1073 negotiatoribus
918 1012 1024 1053 emcn-

232 1079 330 1156 tibus:
354 1095 499 1158 invitabat
513 1097 654 1179 pretium,
666 1098 696 1159 &
711 1099 790 1180 quod
802 1110 884 1172 tunc,
896 1097 926 1159 &
941 1097 1023 1178 quod

232 1195 296 1261 fore
310 1200 482 1262 videbatur:
506 1198 572 1285 spes·
588 1198 705 1264 fefellit.
750 1201 823 1264 Erat
837 1201 1023 1285 expeditum,

233 1305 373 1368 omnibus
409 1307 557 1368 remittere
583 1308 748 1390 aequaliter,
787 1305 835 1368 sed
865 1327 926 1369 non
954 1305 1024 1368 satis

234 1433 367 1499 aejquum.
411 1412 495 1476 Mihi
518 1425 619 1475 autem
639 1407 791 1496 egregium
811 1413 946 1496 inprimis
977 1413 1026 1476 vi·

235 1518 331 1594 detur,
349 1531 382 1580 ut
394 1515 479 1594 foris,
497 1519 539 1580 ita
560 1521 658 1581 domi:
686 1532 719 1580 ut
734 1519 907 1600 in'magnis‚
928 1518 969 1579 ita
990 1518 1023 1580 in

235 1624 351 1706 parvis:
379 1635 413 1685 ut
425 1624 456 1685 in
471 1625 587 1700 alienis,
612 1624 653 1687 ita
674 1625 706 1686 in
728 1622 799 1700 suis,
815 1624 924 1707 agitare
937 1624 1025 1709 justi·

235 1729 325 1811 tiam.¹
345 1728 430 1793 Nam
444 1729 464 1792 fi
479 1731 560 1814 paria
570 1744 700 1813 peccata,
712 1751 796 1813 pares
807 1731 897 1792 etiam
908 1730 1022 1794 laudes.

239 1832 344 1918 Itaque
358 1836 498 1899 omnibus
512 1834 646 1920 quidem,
662 1836 765 1918 nequis
787 1836 863 1898 mihi
883 1856 944 1898 non
969 1839 1025 1899 do-

236 1940 323 2003 natus
337 1943 441 2018 abiret,
464 1955 578 2027 partem
600 1940 738 2004 octavam
762 1942 859 2024 pretii,
881 1946 942 2026 quo
955 1943 1027 2026 quis'

237 2032 361 2124 emerat,
387 2048 526 2111 conceffi:
554 2049 660 2110 deinde
682 2049 730 2122 iis,
757 2049 808 2131 qui
834 2046 1026 2130 ampliffimas

238 2151 370 2215 summas
392 2154 592 2236 emptionibus
621 2151 844 2236 (recupaverunt,
872 2152 1028 2236 separatim

239 2254 391 2320 consului:
426 2258 512 2322 Nam
529 2260 559 2322 &
573 2280 623 2320 me
637 2259 732 2342 magis
746 2259 899 2342 juverant,
914 2259 944 2320 &
959 2256 1031 2320 m'a-=

234 2364 286 2449 jus
300 2363 351 2448 ipfi
365 2361 494 2427 fecerant
508 2366 665 2428 damnum.
711 2365 806 2448 igitur
820 2365 868 2439 iis,
892 2365 943 2446 qui
957 2364 1029 2446 plu-·

240 2470 292 2545 ris,
313 2469 528 2554 quam'decem
553 2471 686 2533 millibus
711 2469 855 2546 emerant,
879 2472 916 2531 ad
941 2469 1026 2530 illam
1058 2470 1060 2475 ’

239 2598 444 2652 communem,
459 2579 489 2641 ἃ
503 2576 583 2660 quafi
597 2576 747 2660 publicam
757 2576 911 2650 octavam,
927 2574 1028 2636 addidi

240 2684 387 2748 decimam
401 2684 465 2768 ejus
478 2681 615 2756 summae,
639 2680 715 2765 quae'
732 2682 835 2743 decem
857 2680 952 2771 millia
974 2700 1027 2741 ex-

240 2789 368 2853 cesserat.
401 2788 526 2867 Vereor,
541 2809 578 2849 ne
593 2782 699 2870 parum
714 2778 918 2871 exprcfferim:
941 2776 1038 2869 aperf'

241 2896 300 2958 tius
321 2895 450 2957 calculos
463 2892 625 2955 ostendam.
671 2892 702 2955 si
728 2893 780 2976 qui
802 2890 878 2954 forte
901 2892 1028 2975 quinde-

241 2999 300 3062 cim
314 3000 447 3063 millibus
461 3013 604 3075 emerant,
625 2999 698 3087 hi&
712 2998 883 3082 quindecim
897 2998 1027 3060 millium
