2317 3767
210 257 271 319 104
370 260 837 322 c2rrru.sr1sroran.

209 399 382 485 possidebat,
408 402 611 487 adamatisque
640 404 737 480 novis,
764 405 877 487 priores
904 406 1001 489 negli-

168 493 170 495 ’
207 509 314 589 gebat-z
341 508 474 570 multum
489 510 599 592 ubique
618 510 775 585 librorum,
796 511 928 573 multum
935 510 1000 573 ¹sta-

208 624 341 689 tuarum,
357 614 489 676 multum
505 614 685 696 imaginum,
708 634 782 696 quas
797 635 858 678 non
872 615 1002 678 habebat

207 721 311 794 modo,
334 720 546 782 verumetiam
560 720 778 783 venerabatur:
798 718 917 803 Virgilii
931 730 1001 780 ante

207 827 324 900 omnes,
353 824 451 907 (cujus
464 825 597 886 natalem
611 823 781 907 religiosius,
805 845 897 907 quam
912 821 1000 885 suum

207 931 374 994 celebrabat
383 926 406 1007 ε)
429 928 561 1013 Neapoli
575 931 720 1005 maxime,
745 930 796 992 ubi
815 949 998 994 monumen-

207 1048 274 1099 tum
288 1035 352 1120 ejus
366 1036 459 1111 adire,
485 1048 518 1098 ut
537 1036 696 1117 templum,
713 1034 835 1097 solebat.
881 1034 920 1097 In
942 1034 1000 1095 hac

207 1142 419 1224 tranquillitate
450 1161 564 1203 annum
595 1140 735 1222 quintum
769 1141 800 1203 &
826 1138 998 1221 septuagefi-

206 1266 298 1309 mum
315 1245 444 1322 excessit,
479 1246 607 1308 delicato
634 1246 729 1327 magis
757 1264 878 1327 corpore
906 1264 999 1325 quam

207 1351 338 1415 infirmo.
384 1352 488 1435 thue
508 1349 681 1414 noviflimus
710 1332 877 1413 &Nereine
901 1343 1000 1411 fastus

206 1455 248 1518 est
270 1455 397 1533 Consul,
424 1457 466 1518 ita
491 1456 654 1539 postremus
676 1476 715 1518 ex
744 1455 896 1530 omnibus,
923 1475 999 1536 quos

205 1561 293 1624 Nero
315 1560 462 1625 Consules
481 1557 601 1637 fecerat,
628 1559 753 1623 deceffit.
800 1560 883 1623 Illud
906 1561 998 1622 etiam

205 1668 347 1741 notabile,
370 1667 494 1728 ultimus
519 1687 557 1728 ex
579 1665 765 1730 Neronianis
780 1662 999 1730 Consularibus

205 1773 293 1849 obiit,
324 1793 385 1855 quo
412 1770 545 1836 Consule
570 1771 658 1836 Nero
686 1771 783 1855 periit.
829 1770 923 1855 Quod
945 1791 998 1833 me

205 1880 410 1942 recordantem
428 1874 598 1961 fragilitatis
620 1878 763 1942 humanae
782 1876 931 1939 miseratio
945 1873 997 1944 su-
1016 1925 1022 1936 .

206 1984 261 2045 bit.
307 1982 392 2067 Quid
407 1984 488 2046 enim
502 1997 566 2046 tam
580 1981 799 2064 circumcisum,
816 1995 880 2045 tam
894 1983 997 2059 breve,

205 2108 297 2171 quam
312 2088 444 2150 hominis
458 2090 520 2151 vita
540 2086 725 2171 longissima?
752 2086 999 2173 Annonvidetur

205 2194 261 2257 tibi
275 2193 362 2257 Nero
382 2191 584 2271 modosuiffe,
601 2215 676 2257 cum
699 2194 818 2257 interim
841 2202 879 2256 eri
893 2193 929 2256 iis
942 2192 997 2276 qui

206 2297 259 2361 sub
280 2300 333 2362 illo
356 2298 500 2383 gesserant
519 2298 730 2375 Consulatum,
754 2318 845 2364 nemo
861 2300 928 2383 jam
947 2297 996 2361 su-

204 2403 317 2488 perest?
337 2426 509 2489 quanquam
523 2405 667 2489 quidhoc
682 2405 775 2467 miror
785 2406 803 2478 l„
819 2424 913 2487 nuper
928 2404 995 2474 Lu-

204 2510 269 2575 cius
289 2508 368 2587 Piso,
395 2523 479 2594 patet
502 2509 616 2574 Pisonis
640 2511 731 2586 illius,
757 2510 810 2593 qul
835 2511 853 2574 a
874 2507 998 2578 Valerio

206 2613 293 2682 Festo
316 2636 369 2699 per
389 2615 541 2682 summurn
564 2613 682 2680 facinus
704 2616 737 2677 in
759 2611 866 2682 Africa
883 2613 996 2681 occisus

203 2722 255 2799 est,
279 2723 377 2786 dicere
398 2721 521 2798 solebat,
548 2721 697 2790 Neminem
712 2721 751 2807 sc
767 2720 865 2792 uidere
887 2721 918 2784 in
934 2710 995 2788 ,Se-

203 2843 285 2907 natu,
314 2853 393 2915 quem
416 2847 514 2893 cos·
550 2826 607 2914 ipse
629 2826 803 2913 fetulentiam
833 2825 993 2912 rogwfflt.
1009 2871 1027 2882 υ

204 2934 291 3000 Tam
313 2934 440 3019 angustis
461 2933 597 2997 terminis
622 2945 714 3005 tantae
728 2934 930 3002 multitudinis
947 2930 995 2994 vi·
