2317 3767
401 283 595 334 urnac
641 284 742 335 ιν..
890 285 948 352 177

149 550 236 597 XXX·
278 550 313 598 Cr
338 548 488 599 PLINIUS
514 550 665 601 LICINIO
691 552 816 599 SURRAE
834 553 945 600 SUOS.

148 693 327 808 Aru-'um
357 744 413 809 tibi
436 766 474 809 ex
495 746 592 831 patria
617 767 686 811 mea
699 768 754 832 pro
773 745 951 812 munusculo

146 849 350 932 quaestionem,
360 849 497 914 altissima
505 851 726 917 istaeruditione
734 851 944 938 dignissimam.

152 954 234 1018 Fons
252 955 347 1018 oritur
371 956 404 1018 in
418 970 533 1034 monte,
548 979 602 1042 per
616 956 686 1022 saxa
699 958 840 1036 decurrit,
862 960 945 1022 exci-

146 1060 227 1142 pitur
241 1061 463 1125 coenatiuncula
477 1059 674 1129 manufacta.
720 1063 769 1128 lbi
788 1066 945 1148 paululum

145 1178 277 1230 retentus
306 1167 337 1229 in
367 1164 495 1231 Larium
520 1170 621 1232 lacum
664 1171 785 1233 decidit.
839 1170 945 1259 Hujus

145 1273 226 1335 mira
242 1284 359 1335 natura.
404 1272 472 1339 Ter
494 1275 527 1337 in
548 1265 602 1337 'die
624 1274 708 1337 statis'
732 1275 882 1352 auctibus,
908 1296 944 1338 ac

143 1377 394 1442 diminutionibus
418 1375 531 1457 crescit,
567 1379 775 1465 decrescitque.
831 1380 960 1460 Cerni·⁴

142 1496 194 1545 tur
205 1484 237 1545 id
251 1485 364 1567 palam,
392 1484 423 1549 &
442 1506 513 1549 cum
528 1485 647 1549 summa
663 1488 815 1571 voluptate
839 1487 942 1570 depre-

143 1589 296 1653 henditur.
340 1590 435 1673 Juxta
456 1594 605 1656 recumbis
620 1594 650 1657 &
665 1590 808 1656 vesceris:
840 1590 943 1677 Atque

146 1694 240 1759 etiam
254 1716 292 1757 ex
305 1695 366 1779 ipso
380 1693 464 1760 sonte
489 1699 571 1782 (nam
589 1698 630 1762 est
643 1693 859 1782 frigidissimus)
888 1705 943 1780 poi

144 1814 217 1862 tasz,
240 1801 358 1864 interim
383 1802 434 1865 illc
455 1805 543 1866 certis
565 1801 758 1888 dimensisque
780 1805 942 1873 momentis

144 1908 194 1970 vel
218 1905 399 1973 subtrahitur
426 1910 475 1972 vel
505 1909 635 1993 assurgit.
693 1908 866 1988 Annulum,
892 1909 941 1973 seu

142 2013 215 2098 quid
230 2014 311 2076 aliud
332 2014 418 2096 ponis
443 2016 475 2077 in
504 2015 591 2092 sicco,
618 2016 740 2080 alluitur
763 2013 879 2092 sensim,
905 2035 941 2078 ac

144 2119 299 2182 noviffime
311 2120 461 2204 operitur:
488 2122 635 2205 detegitur
655 2119 765 2199 rursus,
780 2122 940 2205 paulatim·

144 2245 202 2307 que
227 2223 379 2289 deseritur.
424 2226 457 2291 si
482 2228 595 2291 diutius
609 2226 756 2306 observes,
780 2242 939 2312 utrumque

146 2332 255 2394 iterum
272 2352 307 2395 ac
321 2333 409 2394 tertio
423 2334 535 2396 videas.
580 2332 742 2418 Spiritusne
758 2335 866 2419 aliquis
888 2354 939 2397 oc·

143 2436 251 2499 cultior
264 2458 298 2501 os
322 2436 415 2502 fontis
437 2440 468 2503 δι
491 2436 593 2503 fauces
616 2440 708 2502 modo
727 2440 820 2518 laxat,
847 2442 940 2504 modo

142 2541 280 2620 includit,
296 2557 384 2627 prout
398 2545 498 2608 illatus
517 2544 658 2621 occurrit,
684 2557 737 2609 aut
755 2544 872 2609 decessit
884 2567 938 2610 ex·

143 2646 269 2730 pulsus?
315 2650 410 2734 Qrod
434 2651 467 2713 in
481 2651 622 2735 ampullis
644 2650 811 2736 caeterisque
823 2649 939 2735 generis

143 2752 276 2835 ejusdem
301 2756 440 2820 videmus
454 2757 596 2837 accidere,
619 2756 729 2843 quibus
752 2776 815 2819 non
838 2755 937 2832 hians,

142 2878 199 2922 nec
213 2859 311 2923 statim
336 2875 439 2946 patens
467 2864 575 2928 exitus.
620 2861 708 2927 Nam
733 2862 785 2925 illa
806 2880 937 2946 quoque,

143 2985 318 3051 quanquam
332 2987 425 3051 prona
439 2969 470 3034 ἃ
483 2969 647 3054 vergentia,
662 2990 714 3054 per
726 2964 868 3054 quasdam
881 2967 937 3031 ob·

505 3073 540 3137 N
