2317 3767
199 272 260 339 150
349 263 536 319 'c.l’1.1N.
563 274 823 322 urisrounit.

183 539 253 585 ,XL
287 536 321 584 C·
347 538 494 586 PLINIUS
522 541 747 588 MINUTIANO
784 540 976 586 CORNELIO

525 646 594 691 SUO
619 647 648 691 8.

196 796 440 923 Amisum
454 837 612 902 vinium
635 837 829 903 Licinianum
856 837 887 899 in
914 836 991 901 sici.

196 944 397 1030 liaprofiteri?
442 943 594 1010 Nondum
621 959 651 1008 te
676 958 749 1029 puto
768 942 890 1006 audiffe.
935 942 988 1006 Est

196 1052 277 1114 enirn
289 1069 391 1123 reeens
402 1051 550 1113 nuncius:
578 1049 739 1116 Praetorius
761 1050 811 1112 hie
835 1050 926 1112 modo
941 1048 989 1110 in-

196 1168 241 1220 ter
252 1155 501 1240 eloquentissunos
510 1154 663 1219 causarum
676 1156 790 1219 actores
803 1154 986 1217 habebatur:

195 1283 275 1327 nunc
296 1284 332 1326 eo
357 1262 477 1339 decidit,
508 1276 542 1329 ut
563 1264 634 1325 exul
648 1263 685 1325 de
712 1260 864 1334 Senatore,
889 1259 990 1322 rhetor

196 1369 233 1430 de
261 1382 377 1431 oratore
406 1368 499 1431 fieret.
553 1367 660 1451 Itaque
681 1365 740 1451 ipse
765 1368 797 1429 in
816 1360 991 1449 praefatione

195 1473 270 1537 dixit
283 1474 460 1538 dolenter&
473 1474 602 1556 graviter
630 1472 713 1562 ¹Quos
734 1472 790 1536 tibi
805 1472 929 1557 fortuna
942 1470 990 1531 lu·

197 1578 358 1666 dosfacis?
400 1578 485 1642 Facis
497 1578 570 1641 enim
584 1602 619 1643 ex
625 1574 990 1665 profefforibussenatores,

197 1708 232 1748 ex
242 1683 424 1770 senatoribus
443 1684 620 1771 proseffores.
665 1682 730 1749 Cui
750 1683 902 1747 sententiae
922 1694 991 1745 tan-

197 1802 265 1852 tum
289 1787 369 1866 bilis,
395 1801 515 1856 tantum
537 1790 745 1853 amaritudinis
759 1788 844 1866 inest,
859 1802 894 1852 ut
914 1787 992 1851 mihi

196 1894 332 1958 videatur
347 1896 414 1959 ideo
427 1892 583 1980 profeffus,
599 1908 634 1959 ut
657 1896 856 1960 hoc'diceret.
902 1893 991 1961 Idem

195 2016 269 2072 tum
297 2000 411 2069 Gtaeco
438 2003 530 2085 pallio
563 2002 691 2066 amiitur
713 1999 845 2064 intraffet
878 2001 992 2083 (carent

197 2105 279 2169 enim
294 2107 458 2191 togaejitre,
470 2107 579 2191 quibus
593 2129 671 2191 aqua
685 2108 716 2172 ἂ
727 2108 789 2191 igni
800 2104 991 2170 interdiitum

197 2207 250 2291 est)
282 2211 436 2295 postquam
460 2210 489 2275 se
525 2211 702 2297 composuit,
727 2210 992 2295 circumspexitque

176 2303 335 2380 ‘habitum
358 2315 457 2394 suum,
498 2317 619 2396 Latine,
645 2320 754 2404 inquit,
785 2320 993 2382 declamaturus

187 2421 279 2508 sum:
298 2422 383 2500 dices,
399 2423 494 2509 tristia
507 2428 542 2490 isi
552 2424 714 2511 miseranda
723 2452 738 2496 ,·
755 2423 890 2508 Dignum
899 2436 992 2486 tamen

198 2528 289 2605 illum,
307 2530 358 2613 qui
375 2527 434 2592 baec
446 2529 613 2617 ipsastudia
627 2530 723 2615 incesti
733 2530 843 2617 scelere
864 2528 991 2594 macula·

198 2633 296 2699 verit!
339 2630 500 2700 Confeffus
513 2636 553 2697 est
566 2638 689 2721 quidem
700 2636 863 2701 incestum:
884 2632 933 2697 sed
942 2635 991 2696 in·

198 2756 325 2819 certum,
340 2755 441 2805 utrum
454 2743 525 2825 quia
538 2763 644 2806 verum
657 2755 731 2820 erat,
753 2763 793 2805 an
807 2743 878 2827 quia
890 2739 991 2824 gravi·

197 2869 250 2911 ura
264 2849 427 2925 metuebat,
447 2847 468 2911 si
487 2848 625 2931 negaffet.
652 2847 812 2912 Fremebat
824 2847 906 2910 enim
921 2845 991 2911 Do-

198 2955 352 3031 mitianus,
365 2952 562 3038 aestuabatque
573 2954 687 3036 ingenti
701 2954 815 3017 invidia
824 2952 989 3016 destitutus.
