2317 3767
198 244 258 313 166
365 266 397 311 c.
424 265 536 310 airu.
562 264 826 312 arisrotna.

195 405 338 471 affectum
352 406 551 491 repraesentes,
562 436 565 441 ·
578 428 641 470 non
663 408 921 472 dubito'maximo
935 409 991 474 tibi

195 513 305 596 gaudio
332 509 408 589 sore,
438 533 509 575 cuin
534 514 709 595 cognoveris
743 514 866 597 dignam
895 528 1001 599 patre,¹

196 620 318 701 dignam
334 631 375 694 te,
391 619 513 701 dignam
527 639 585 680 avo
599 621 733 708 evadere.
779 620 940 685 Summum
951 621 993 685 est

195 725 334 800 acumen,
367 722 484 785 summa
511 720 688 806 frugalitas:
716 725 806 789 amat‘
823 747 884 803 me,
911 728 993 811 quod

195 828 333 893 castitatis
358 828 503 893 indicium
531 828 582 893 est.
628 829 755 893 Accedit
786 832 833 895 his
861 830 992 893 studium

194 937 359 1010 literarum,
401 935 482 1018 quod
511 955 548 996 ex
585 936 644 998 mei
673 937 816 999 charitate
845 937 989 1019 concepit.

195 1040 287 1105 Meos
314 1037 432 1103 libellos
465 1040 565 1116 habet,
597 1041 721 1119 lectitat,
756 1041 858 1104 ediscit
886 1042 988 1105 etiam.

196 1143 269 1227 Qua
283 1145 335 1206 illa
345 1143 541 1208 sollicitudine
553 1168 623 1210 cuni
632 1148 736 1211 videor
747 1149 877 1222 aelurus,
894 1169 990 1232 quan-

193 1263 236 1327 to,
260 1272 332 1313 cum
353 1252 411 1333 egi,
446 1253 556 1335 gaudio
581 1250 729 1316 afficitur?
762 1252 914 1337 Disponit,
939 1253 991 1337 qui

194 1357 337 1420 nuncient
358 1357 422 1435 sibi,
449 1379 540 1442 quem
566 1355 721 1432 assensum,
743 1379 819 1441 quos
844 1360 991 1422 clamores

194 1465 359 1542 excitarim,
375 1485 466 1548 quem
481 1476 622 1525 eventum
632 1461 739 1545 judicii
752 1463 884 1525 tulerim.
929 1463 991 1530 Ea·

195 1571 265 1632 dein
283 1570 425 1653 siquando
440 1569 542 1644 recito,
567 1569 599 1630 in
629 1568 765 1651 proximo
779 1566 903 1631 discreta
923 1572 991 1633 velo

194 1674 284 1750 sedet,
301 1672 458 1756 laudesque
471 1673 584 1736 nostras
602 1672 775 1739 avidissimis
789 1675 913 1737 auribus
937 1696 991 1737 ex·

193 1782 275 1864 cipit.
321 1775 432 1841 Versus
446 1778 568 1861 quidem
592 1800 675 1842 meos
689 1792 801 1855 cantat,
822 1776 992 1864 formatque

195 1888 317 1963 cithara,
338 1908 399 1950 non
414 1886 525 1949 artifice
539 1886 641 1970 aliquo
649 1888 791 1961 docente,
812 1885 860 1949 sed
875 1889 988 1965 amore,

138 1998 143 2008 '
195 1979 246 2077 qui
257 1993 393 2080 magister
404 1991 447 2056 ¹est
457 1992 599 2076 optimus.
632 1991 692 2057 His
707 2012 746 2053 ex
759 1990 851 2054 causis
866 1992 898 2055 in
909 1991 990 2078 spem

195 2095 383 2161 certissimam
412 2100 552 2172 adducor,
578 2109 751 2182 perpetuam
780 2097 870 2161 nobis‘
893 2099 990 2185 majo-

196 2225 319 2289 remque
332 2205 429 2266 indies
442 2201 576 2267 futuram
592 2201 648 2265 effe
667 2204 868 2266 concordiam.
912 2203 989 2266 Non

196 2309 278 2371 enim
293 2323 412 2372 aetatem
427 2329 526 2374 meam
545 2320 598 2370 aut
615 2328 733 2392 corpus,
760 2329 828 2392 quae
845 2309 990 2392 paulatim

31 2385 33 2392 ,
84 2482 88 2496 ζ
186 2415 337 2477 occidunt
351 2433 385 2476 ac
400 2412 560 2489 senescunt,
577 2412 765 2496 sedgloriam
780 2414 886 2497 diligit.
918 2413 989 2478 Nec

141 2557 143 2560 v
196 2521 277 2583 aliud
290 2522 374 2582 decet
396 2520 455 2582 tuis
478 2520 617 2582 manibus
643 2520 810 2596 educatam,
834 2520 893 2584 tuis
911 2541 989 2604 prae-

196 2627 287 2712 ceptis
301 2625 482 2689 institutam:
507 2627 575 2708 quae
590 2624 666 2687 nihil
680 2626 711 2686 in
726 2626 922 2689 contubernio
936 2609 989 2688 tuo

196 2734 315 2810 viderit,
338 2730 392 2796 nisi
406 2729 541 2793 sanetmn
562 2731 798 2815 honestumque:
822 2753 890 2817 quae
904 2733 989 2795 deni-

137 2861 154 2869 “
195 2862 253 2923 que
268 2859 367 2902 amare
381 2857 431 2899 me
452 2857 490 2898 ex
503 2849 555 2898 tua
569 2837 777 2919 praedicatione
793 2837 987 2901 consueverit.

194 2945 281 3010 Nam
307 2964 378 3007 cum
402 2954 530 3005 matrem
552 2962 652 3003 meam
667 2945 795 3026 parentis
815 2945 883 3007 loco
897 2964 988 3007 vene·
