2317 3767
154 284 157 289 ’
201 290 264 365 tpo
369 297 404 345 c.
428 288 546 345 etin.
571 290 842 349 retsrornu.

197 437 392 524 humentique
409 437 546 505 fluminis
570 456 684 505 nornen
706 441 801 507 arenti
816 442 904 509 alveo
913 444 997 510 dese·
1033 482 1037 493 ι

195 547 246 624 tit,
262 559 409 610 autumno
422 546 555 611 resumit.
599 538 750 633 Magnam
763 546 861 635 capies
883 554 993 638 volup

196 658 300 729 tatem,
312 650 334 714 fi
348 651 430 715 hunc
444 653 574 737 regionis
585 654 672 719 titum
684 676 722 719 ex
735 669 840 721 monte
853 656 994 742 prospex-

195 756 265 822 eris.
309 753 422 842 Neque
442 759 524 823 enim
538 771 632 824 terrae
644 762 712 838 tibi,
730 760 780 827 sed
793 759 926 826 sormam
936 765 994 826 ali·

193 849 288 950 quem
309 866 347 926 ad
373 865 516 929 eximiam
541 862 795 950 pulciuitudinem
809 867 922 953 pictam
943 869 992 937 vi-

194 969 311 1033 deberis
329 986 459 1035 cemere.
504 969 551 1036 Ea
562 974 714 1051 varietate,
736 995 772 1037 ea
786 973 991 1060 descriptione,

194 1092 372 1161 quocunque
395 1076 552 1142 inciderint
565 1079 657 1157 oculi,
681 1078 861 1146 reficientur.
908 1080 992 1145 Villa

193 1181 226 1244 in
243 1183 329 1246 'colle
350 1182 415 1247 imo
442 1184 494 1248 fita
521 1185 660 1270 prospicit
686 1185 768 1271 quast
793 1207 831 1250 ex
859 1186 990 1266 summo,

194 1286 236 1352 ita
251 1289 359 1353 leviter
376 1292 407 1355 ἃ
417 1289 522 1354 senfim
536 1293 616 1356 clivo
628 1289 751 1356 fallente
771 1288 930 1377 consurgit,
957 1304 992 1357 ut

194 1414 267 1460 curn
282 1395 437 1461 ascendere
458 1411 488 1460 te
504 1419 566 1462 non
579 1408 677 1482 puter,
698 1398 806 1462 sentias
818 1397 986 1462 ascendisse.
1064 1457 1067 1463 .

192 1501 224 1567 Α
238 1516 323 1588 tergo
335 1502 546 1589 Apenninum,
570 1505 620 1568 sed
641 1505 761 1589 longius
780 1507 881 1569 habet.
924 1503 989 1569 Ac-

192 1606 265 1694 cipit
289 1612 328 1673 ab
352 1610 410 1673 hoc
431 1630 518 1673 auras
532 1612 700 1693 quamlibet
712 1610 815 1676 sereno
827 1615 858 1678 ἃ
871 1614 992 1698 placido

192 1715 253 1793 die,
276 1732 339 1780 non
362 1728 465 1778 tamen
479 1736 572 1795 acres,
588 1719 620 1781 δε
633 1718 822 1795 immodicas,
848 1718 898 1780 sed
923 1718 990 1804 spo·

191 1820 235 1885 tio
248 1820 311 1907 ipso
323 1820 410 1886 latiae
423 1823 454 1886 or
473 1820 628 1901 infractae,
641 1842 750 1908 magne
768 1824 811 1888 sui
826 1836 909 1908 parte
923 1844 989 1887 me-

189 1926 298 1992 ridiem
311 1927 433 2014 spesiat,
460 1930 655 2015 aestivumque
668 1930 761 1994 solem
776 1931 816 1993 ab
834 1931 909 1994 hora
923 1931 989 1994 sox-

189 2046 232 2110 ttt,
247 2034 417 2119 hybernum
438 2037 593 2121 aliquanto
605 2037 764 2114 maturius,
786 2035 867 2121 quast
881 2037 993 2100 invitat

189 2134 851 2226 inporticumlatam,&promodolongam.
897 2138 987 2206 Mul·

190 2254 223 2306 tt
235 2243 268 2308 in
280 2244 501 2310 hacmembraz
529 2248 641 2311 atrium
663 2249 755 2311 etiam
769 2268 807 2311 ex
826 2264 910 2311 more
933 2266 987 2310 ve-

190 2363 301 2428 terum,
321 2365 393 2416 ame
415 2353 563 2437 porticum
578 2352 680 2439 nysius
694 2354 828 2419 concisus
841 2355 873 2417 in
891 2354 988 2439 pluri·

189 2455 386 2542 merspecier,
410 2456 619 2545 distinctasque
632 2462 726 2539 buxo,
753 2460 893 2525 demissus
903 2461 985 2537 inde,

188 2560 358 2649 pronusque
372 2565 525 2649 pulvinus,
549 2566 599 2629 cui
612 2566 772 2631 bestiarum
782 2564 895 2651 effigies
906 2558 989 2631 invi·

189 2688 257 2735 oem
281 2668 417 2734 merim
444 2672 544 2735 buxus
572 2672 723 2758 inscriptio
767 2672 926 2738 Acanthus
954 2673 987 2735 tn

189 2778 281 2862 plano
290 2776 403 2855 mollis,
418 2777 536 2861 &pene
548 2779 676 2844 dixerim
690 2779 833 2866 liquidus.
878 2778 990 2843 Ambit

189 2882 273 2947 hunc
291 2884 467 2961 ambulatio,
488 2882 589 2968 pretiis
609 2886 750 2971 varieque
773 2885 863 2951 tonsre
881 2884 987 2949 viridi⁴

191 2989 248 3054 uu,
268 2988 399 3055 notro:
427 2991 468 3054 ab
489 2990 675 3082 rogemur
695 2993 727 3058 n
747 2994 874 3058 nouum
902 2992 986 3069 eru,
1053 2975 1056 2983 '
