2317 3767
397 306 691 353 eraenrx.
874 305 931 372 371

141 470 202 513 non
228 451 439 526 deliberabam,
467 461 605 532 expertus
630 445 695 524 usu,
725 448 762 509 de
784 467 831 523 eo,
855 449 935 529 quod

142 554 340 630 destinaveris,
362 576 424 619 non
435 555 492 617 effe
505 553 712 629 consulendos,
733 552 842 636 quibus
862 573 935 619 con-

141 657 224 721 suitis
238 659 358 745 obsequi
380 662 499 722 debeas.
545 657 646 721 Venio
664 660 696 720 in
712 657 865 733 Senatum,
884 657 936 740 jus

142 765 259 828 dicendi
277 780 357 848 peto,
384 767 452 828 dico
473 762 620 848 paulisper
645 763 779 826 maximo
801 761 933 824 affensu:

144 870 196 934 ubi
211 871 289 953 coepi
303 871 416 932 crimen
431 869 585 951 attingere,
610 890 696 931 reum
710 866 862 942 destinare,
883 869 936 929 ad-

144 975 204 1051 huc
229 987 330 1038 tamen
352 975 412 1036 fine
438 974 573 1049 nomine,
598 974 729 1057 undique
746 973 822 1036 mihi
844 975 936 1035 recla-

48 1145 50 1149 ,
143 1080 231 1140 mari.
276 1078 380 1155 Alius,
391 1078 521 1163 sciamus
534 1078 584 1162 qui
594 1078 650 1163 stt,
675 1080 708 1140 de
725 1103 777 1162 quo
791 1092 875 1141 extra
889 1102 936 1143 or·

143 1171 235 1249 dinem
249 1183 368 1267 referas.
414 1180 515 1257 Alius,
544 1182 623 1269 Quis
641 1186 680 1268 est
698 1197 763 1246 onte
777 1183 937 1246 relationem

145 1311 232 1350 reus:
254 1286 354 1363 Alme,
371 1283 561 1372 salvistmus,
584 1288 633 1371 qui
637 1287 832 1372 supersumus.
870 1288 938 1350 Au-

142 1394 194 1456 dio
208 1393 452 1475 imperturbatus,
476 1391 644 1455 interritus:
668 1405 787 1455 tantum
801 1391 937 1476 susceptae

146 1500 188 1562 rei
203 1497 338 1561 honestas
363 1499 454 1573 valet,
478 1509 656 1580 tantumque
675 1499 712 1559 ad
735 1497 876 1559 fiduciam
889 1498 939 1559 vel
970 1570 973 1575 ⁴

145 1615 261 1666 metum
276 1600 386 1677 differt,
403 1604 499 1665 nolint
513 1604 663 1678 homines,
684 1604 765 1687 quod
776 1600 879 1678 facias,
900 1624 938 1665 an

148 1729 210 1772 non
228 1710 365 1791 probent.
411 1706 552 1791 Longum
574 1707 614 1770 est
639 1708 753 1784 omnia,
776 1729 845 1792 quae
869 1721 941 1770 tunc

148 1814 218 1876 hinc
248 1814 319 1880 inde
338 1812 450 1895 jactata
476 1811 543 1875 sunt
568 1812 725 1875 recensere.
770 1812 940 1876 Novissime

6 1951 8 1954 ⁴
99 1969 101 1973 >
147 1916 275 1994 Consul,
303 1915 449 1992 Secunde,
473 1915 625 1978 sententiae
649 1919 716 1980 loco
738 1919 827 1994 dices,
848 1917 940 2001 siquid

146 2024 287 2087 volueris.
334 2023 516 2108 Permiseris,
543 2024 678 2107 inquam,
704 2027 780 2108 quod
790 2025 873 2110 usque
887 2028 939 2088 ad-

146 2129 201 2193 hoc
216 2128 341 2193 omnibus
357 2128 517 2214 permffssi.
562 2129 682 2192 Resrdo.
727 2128 869 2213 Aguntur
882 2133 941 2193 alia

147 2236 268 2298 interea.
313 2234 371 2298 Me
398 2236 520 2319 quidam
547 2255 586 2306 ex
610 2234 812 2300 consularibus
837 2239 940 2300 amicis

147 2339 267 2416 secreto,
292 2353 485 2425 accuratoque
509 2339 653 2417 sermone,
674 2340 754 2425 quafi
773 2342 863 2404 nimis
878 2339 940 2403 for-

147 2447 216 2507 titer
240 2445 415 2527 incauteque
439 2445 622 2528 progreffum
647 2445 778 2529 corripit,
810 2457 939 2520 revocat,

149 2560 264 2624 monet,
291 2560 325 2610 ut
339 2549 489 2612 desistam:
514 2550 621 2634 adjecit
635 2551 739 2626 etiam,
763 2549 941 2613 Notabilem

149 2666 179 2715 te
207 2649 316 2714 futuris
346 2653 536 2736 principibus·
552 2652 655 2717 fecisti.
701 2655 778 2740 Esto,
805 2655 940 2737 inquam,

149 2761 216 2821 dum
238 2757 332 2820 malis.
377 2754 440 2820 Vix
462 2760 512 2820 ille
534 2757 708 2835 discefferat,
736 2756 835 2820 rursus
855 2759 940 2834 alter,

150 2864 238 2952 ‚Quid
248 2863 366 2928 audes?
388 2864 548 2929 corruis?
572 2864 673 2949 quibos
695 2877 727 2928 tei
735 2862 872 2949 periculis
893 2863 939 2926 ob-

142 2971 242 3058 jicis?
262 2969 333 3054 quid
348 2967 534 3054 presentibus
548 2970 661 3054 confidis
684 2969 808 3064 incertos
818 2969 940 3061 futurof

508 3070 602 3139 Bb2
