2317 3767
408 284 695 334 eruente.
905 286 944 354 75

157 431 280 496 buntur.
331 424 499 492 Praesertim
522 448 595 492 cum
624 426 748 492 delatori
774 428 859 493 locor
882 447 945 492 non

156 535 205 598 fit.
246 532 331 598 Nam
346 531 367 594 fi
381 534 546 595 verendum
564 531 647 610 effet,
670 553 709 596 ne
727 535 808 618 quod
821 554 877 617 ego
889 535 944 598 de·

155 638 271 716 ditem,
284 638 413 723 populus
429 638 566 721 eriperet,
579 637 745 701 mnitatior
762 634 891 716 fortaffe,
911 639 944 706 δι

154 744 269 808 cautior
277 744 335 808 effe
348 745 499 807 deberem.
544 740 630 808 Cum
644 763 715 808 vero
733 743 944 816 liceathaeredt

152 850 276 925 donare,
296 850 376 932 quod
397 848 430 912 in
451 847 622 911 hereditate
645 845 879 927 subsedit‘nitrtl
900 850 943 916 est

151 956 234 1038 quod
248 953 342 1017 obstet
352 955 397 1017 illi
408 974 484 1016 mooe
497 954 567 1036 legi,
589 953 639 1017 cui
651 953 778 1038 publicae
790 954 870 1039 leges
879 974 941 1020 non

151 1073 328 1144 repugnant.
374 1057 461 1122 Vale.

216 1287 325 1334 xv11.
366 1286 400 1332 C·
429 1287 576 1334 rutulus
603 1286 728 1333 cetto
755 1287 823 1334 SUO
846 1288 875 1334 ⁸.

151 1429 366 1554 anms,
389 1497 443 1543 cur
463 1498 514 1542 rne
536 1477 769 1554 Laurentinum,
792 1478 841 1540 vel
855 1476 939 1562 (srita

149 1579 263 1660 mavis)
283 1581 417 1646 Laurens
433 1563 536 1647 meum
552 1595 704 1667 tantopere
717 1581 863 1646 deletieti
885 1584 939 1647 de·

148 1685 229 1750 sinet
255 1688 365 1764 mirari,
394 1710 466 1752 cum
490 1687 665 1771 cognoveris
691 1687 820 1770 gratiam
844 1688 937 1767 villae,

147 1793 400 1876 opportunitatem
422 1794 493 1868 loci,
517 1792 612 1858 litoris
637 1791 774 1876 spatium.
818 1793 936 1860 Decem

144 1896 179 1961 &
193 1895 304 1981 septem
318 1898 452 1962 millibus
464 1897 601 1982 pastuum
614 1898 653 1959 ab
667 1898 741 1960 urbe
753 1896 878 1963 soeessit:
901 1913 936 1965 ut

144 2002 285 2087 peraeiis,
300 2023 368 2086 quee
381 2005 495 2087 agenda
507 1999 631 2079 fuerint,
645 2000 797 2086 salvojam
807 2005 838 2070 ἀ
850 2023 936 2078 eom.

144 2106 240 2192 pofito
258 2107 307 2174 die
324 2106 411 2190 poffrs
427 2107 470 2171 ibi
488 2128 620 2172 manere.
663 2106 775 2172 Aditur
794 2129 856 2172 non
875 2130 936 2174 una

144 2213 215 2276 via:
248 2227 321 2275 nam
339 2213 370 2276 δι
390 2212 623 2278 Laurentina&
644 2211 806 2277 Hostiensu
826 2217 934 2284 eodem

142 2314 258 2394 ferunt,
282 2317 331 2381 sed
352 2318 536 2384 Laurentina
550 2317 567 2383 i
581 2317 805 2402 quartodecimo
821 2319 931 2404 lapide,

143 2420 291 2513 Offieniie
300 2426 338 2512 ab
349 2424 508 2488 undecimo
519 2423 712 2508 relinquenda
728 2422 780 2487 est.
823 2425 932 2490 Utrin-

142 2549 205 2611 que
215 2528 323 2613 excipit
332 2529 388 2592 iter
400 2528 637 2614 aliquaexparte
646 2527 800 2595 armosom
807 2531 932 2617 jumen·

142 2633 284 2717 tiepaulo
292 2633 591 2718 graviusulongius,
601 2654 679 2719 equo
688 2636 933 2710 Ιπενεόιιιιυηο.ι

144 2736 241 2801 Varia
253 2739 325 2802 hinc
338 2751 426 2824 atque
443 2740 513 2810 inde
530 2736 633 2806 faciet.
674 2739 762 2814 Nam
775 2741 869 2810 modo
879 2760 932 2804 oc·

140 2844 332 2910 currentibus
345 2843 433 2929 sylvis
447 2845 497 2908 via
514 2845 698 2918 comitatur:
726 2846 818 2912 modo
830 2843 930 2908 latissr-

142 2946 204 3010 mis
218 2949 309 3033 ptatis
319 2947 496 3033 diffunditur
508 2951 539 3018 ἃ
552 2948 682 3037 patescit.
719 2948 931 3036 Multigteget
