2317 3767
402 260 592 309 utura
638 262 734 308 vrrr.
912 259 972 327 327

179 403 252 486 pulo
270 402 406 486 magister
434 404 518 487 (nam
546 416 579 466 tu
602 401 748 486 magister,
779 421 834 484 ego
858 410 971 463 contra.

181 507 282 592 Atque
297 508 364 571 ideo
388 521 421 573 tu
446 509 477 570 in
496 508 628 572 scholam
653 528 786 584 revocas,
805 527 860 589 ego
873 506 971 569 adhuc

178 612 347 677 Saturnalia
370 610 510 692 extendo)
530 615 642 677 librum
665 613 775 678 mifisti.
820 612 897 676 Non
920 633 973 694 po·

178 719 223 781 tui
236 720 353 802 longius
378 720 562 805 hyperbaton
583 717 691 797 facere,
719 731 807 803 atque
832 719 890 780 hoc
913 716 974 800 ipso

176 825 312 908 probare,
328 847 399 887 eum
413 847 462 888 me
484 824 553 899 else,
580 826 632 909 qui
654 846 715 888 non
730 827 822 891 modo
836 823 972 906 magister

128 969 131 973 .
177 941 259 1005 tuus,
288 929 337 992 sed
362 952 400 992 ne
425 929 584 1013 discipulus
610 931 732 1013 quidem
757 932 883 993 debeam
898 930 969 995 dici.

178 1034 304 1098 Sumam
315 1048 416 1098 tamen
439 1033 593 1118 personam
618 1035 767 1118 magistri:
791 1055 970 1117 exeramque

175 1139 207 1201 in
221 1140 333 1201 librum
351 1152 439 1202 tuum
456 1140 519 1224 jus,
540 1142 620 1223 quod
639 1140 759 1203 dedisti:
785 1163 821 1205 eo
834 1142 968 1217 liberius,

175 1265 235 1327 quo
248 1243 323 1306 nihil
338 1265 374 1306 ex
391 1245 465 1307 meis
479 1246 599 1307 interim
616 1245 755 1311 missurus
774 1245 839 1309 sum
853 1247 920 1322 tibi,
936 1247 968 1309 in

160 1369 235 1432 vquo
248 1362 278 1410 te
293 1348 449 1415 ulciscaris.
496 1348 584 1414 Vale.

232 1580 327 1625 V111.
361 1582 395 1626 C·
424 1581 572 1627 PLINIUS
598 1579 757 1627 ROMANO
780 1576 849 1622 SUO
873 1579 901 1622 S.

173 1723 409 1835 ersrrnu
434 1771 594 1854 aliquando
609 1769 803 1835 Clitumnum
825 1767 962 1834 sontem?

171 1878 343 1941 finondum
363 1879 405 1962 (δε
423 1890 497 1962 puto
515 1879 671 1941 nondum:
698 1878 809 1960 alioqui
823 1877 965 1942 narrasses

171 1980 259 2063 mihi)
280 1985 365 2046 vide:
379 2003 470 2069 quem
481 2003 536 2067 ego
551 1983 690 2069 (poenitet
702 1977 861 2061 tarditatis)
874 2005 964 2066 prox-

170 2090 231 2152 ime
246 2089 319 2153 vidi.
364 2089 510 2154 Modicus
528 2089 613 2153 collis
628 2087 757 2171 assurgit,
773 2090 895 2174 antiqua
909 2112 963 2154 cu·

168 2195 266 2279 pressu
280 2194 451 2259 nemorosus
470 2197 501 2259 δι
518 2216 643 2278 opacusz
667 2196 748 2257 hunc
774 2194 872 2258 subter
894 2195 962 2259 sons

168 2303 242 2379 exit,
265 2304 295 2366 ἃ
316 2301 492 2386 exprimitur
505 2302 641 2384 pluribus
655 2301 751 2376 venis,
776 2299 823 2362 led
838 2302 961 2384 impari-

167 2407 236 2482 bus,
259 2405 459 2490 eluslatusque
473 2402 543 2469 facit
556 2407 716 2489 gurgitem,
742 2407 794 2489 qui
811 2408 873 2469 lato
894 2427 959 2488 gre-

168 2512 232 2574 mio
241 2511 360 2594 patescit
369 2533 460 2595 purus
474 2512 505 2574 &
519 2512 643 2588 vitreus,
659 2525 693 2573 ut
706 2510 960 2594 numerarejaslas

166 2616 253 2700 stipes
277 2617 308 2679 δι
326 2617 489 2679 relucentes
510 2616 639 2679 calculos
653 2615 750 2699 poffis.
797 2614 872 2678 Inde
897 2637 958 2679 non

166 2723 226 2785 loci
254 2721 430 2798 devexitate,
465 2722 513 2785 sed
542 2721 602 2805 ipsa
626 2721 671 2785 sui
698 2722 784 2806 copia
819 2722 850 2784 δε
878 2721 959 2805 quast

166 2830 296 2913 pondere
317 2827 491 2909 impellitur.
537 2827 619 2893 Fons
633 2828 785 2904 adhuc,&
805 2826 872 2910 jam
891 2846 958 2888 am-

164 2933 326 3019 plissnnum
341 2932 455 2996 flumen
467 2946 556 3018 atque
581 2933 673 2997 etiam
688 2934 814 2997 navium
830 2933 956 3016 patiens,

541 3038 603 3117 Y4
