2317 3767
365 312 399 359 u
423 309 482 360 ru
507 313 573 361 un
621 312 689 361 111.
886 311 946 384 133

152 454 249 541 &qui
261 456 429 541 plurimum
443 458 476 520 in
499 454 654 521 scribendo
676 458 708 522 δι
731 453 799 521 salis
813 456 948 535 haberet,

151 564 183 627 δι
197 559 286 640 fellis,
302 583 358 627 nec
371 563 511 627 candoris
522 564 634 626 minus.
680 560 856 628 Prosecutus
866 585 949 629 eram

155 669 263 732 viatico
276 667 473 747 secedentem,
494 671 635 732 dederam
649 669 707 734 hoc
722 669 873 749 amicitiae,
894 657 949 734 de·

155 777 256 852 derant
268 776 361 840 etiam
376 770 537 852 versiculis,
558 796 635 861 quoe
652 777 690 839 de
707 794 757 838 me
771 773 946 861 composuit.

156 879 229 943 Fuit
242 882 336 945 moris
346 880 475 967 antiqui,
490 879 609 967 eosqui
623 883 672 946 vel
684 879 868 966 singulorum
882 883 948 947 lau·

153 988 216 1064 des,
243 989 293 1050 vel
307 985 429 1051 urbium
443 982 626 1071 scripserant,
647 991 701 1051 aut
713 987 877 1052 honoribus
897 997 949 1052 aut

152 1092 280 1175 pecunia
304 1111 427 1157 ornare:
457 1092 563 1157 nostris
595 1110 667 1157 vero
691 1092 887 1178 temporibus,
914 1108 949 1157 ut

33 1287 36 1293 ¹
152 1194 212 1260 alia
233 1191 361 1283 speciosa
374 1200 405 1262 δι
417 1200 544 1283 egregia,
567 1199 610 1262 ita
623 1199 682 1263 hoc
696 1200 728 1262 in
751 1199 857 1284 primis
875 1222 947 1265 exo·

152 1303 237 1368 levit.
266 1304 511 1391 Nampostquam
525 1304 665 1369 desiimus
679 1302 776 1368 facere
785 1307 945 1385 laudanda,
1064 1293 1071 1309 ⁴

152 1411 268 1474 laudari
282 1432 401 1497 quoque
415 1412 550 1496 ineptum
563 1423 716 1495 putamus.
753 1410 876 1497 Qraeris
895 1414 947 1498 qui

153 1515 208 1579 smt
222 1515 354 1580 versiculi
365 1517 474 1600 quibus
487 1518 615 1600 gratiam
626 1517 797 1580 retulerim?
828 1517 946 1583 Remit-

153 1635 250 1685 terem
275 1636 303 1684 te
326 1624 364 1685 ad
378 1618 474 1707 ipsum
488 1622 643 1700 volumen,
665 1620 719 1686 nili
733 1621 877 1708 quosdam
902 1638 947 1690 te·

153 1747 279 1790 nerem:
299 1725 397 1803 Tu,s1
412 1723 576 1812 placuerint
584 1723 628 1805 hi,
638 1741 760 1793 caeteros
770 1730 802 1792 in
815 1725 893 1794 libro
901 1751 947 1794 re-

154 1832 266 1919 quires.
310 1830 484 1917 Alloquitur
492 1833 618 1910 musam,
629 1834 752 1896 mandat
773 1846 807 1898 ut
820 1838 947 1901 domum
1051 1895 1055 1904 .

154 1960 257 2005 meam
280 1940 312 2002 in
331 1933 480 2024 Exquiliis
506 1951 631 2023 quaerat,
652 1940 739 2001 adeat
760 1955 943 2005 reverenter:

215 2046 277 2109 Sed
282 2069 316 2109 ne
331 2058 450 2130 tempore
463 2068 516 2107 non
531 2058 578 2108 tuo
589 2042 735 2131 disertam,

218 2150 320 2238 Puyes
332 2150 413 2214 ebria
420 2152 555 2235 januam,
570 2151 675 2214 videto.

217 2257 302 2321 Totos
312 2259 364 2320 dat
377 2256 486 2320 tetricae
495 2255 554 2319 dies
568 2253 728 2334 Minervae,

219 2363 300 2428 Dum
310 2364 520 2450 centumstudet
535 2362 655 2428 auribus
667 2362 809 2441 virorum,

219 2465 296 2546 Hoc,
322 2470 398 2554 quod
398 2468 501 2555 secula
509 2468 665 2555 posterique
674 2485 710 2555 po
730 2484 773 2534 int

218 2574 337 2660 Arpinis
346 2597 450 2660 quoque
463 2591 627 2661 comparare
640 2573 758 2641 chartis.

218 2679 304 2743 Seras
317 2679 409 2744 tutior
420 2678 475 2743 ibis
488 2683 530 2743 ad
536 2682 676 2759 lucernas,

217 2784 294 2849 Haec
305 2783 376 2848 hora
389 2788 488 2872 esttua
501 2809 563 2850 cum
568 2787 654 2873 furit
666 2787 778 2874 Lyaeus.

218 2891 288 2953 Cum
302 2905 403 2974 regnat
415 2889 489 2978 rosa,
507 2903 578 2966 vcuni
590 2896 701 2959 madent
714 2893 821 2981 capilli,

218 2994 300 3058 Tunc
310 3018 354 3059 me
363 2997 412 3060 vel
424 2997 514 3082 rigidi
526 3001 621 3083 legant
633 3002 760 3065 Catones.

512 3103 586 3191 ¹<3
