2317 3767
438 295 712 344 arsace.
912 291 972 363 219

306 561 385 607 XXI·
416 565 449 608 C·
470 564 618 608 PLINIUS
641 562 737 608 RUFO
765 561 833 609 suo
861 562 889 609 S.

179 709 485 824 Descsnnrnnn
513 758 544 819 in
567 755 721 819 Basilicam
742 754 869 839 Juliarn,
884 755 969 817 audi-

177 873 260 922 turus
290 862 398 944 quibus
418 862 555 944 proxima
583 862 892 945 comperendinatione
911 858 970 922 res·

176 967 307 1048 pondere
328 968 465 1029 debeam.
510 966 657 1030 Sedebant
670 968 799 1051 judices,
819 965 971 1035 centum·

176 1071 234 1134 viri
257 1084 411 1146 venerant,
442 1071 672 1135 obversabantur
697 1073 854 1150 advocati,
883 1070 969 1135 tilen-

177 1179 256 1240 tium
272 1178 408 1260 longum,
420 1178 541 1239 tandem
554 1176 572 1239 i
587 1176 717 1240 Praetore
727 1178 865 1240 nuncius.
909 1177 972 1242 Di·

177 1284 338 1345 mittuntur
347 1283 539 1347 Centumviri
553 1307 561 1345 ε
580 1281 723 1344 eximitur
736 1281 810 1355 dies,
832 1302 882 1344 me
895 1302 969 1364 gau·

100 1416 104 1425 ·
173 1391 274 1468 dente,
298 1391 350 1474 qui
375 1411 531 1475 nunquam
553 1389 596 1452 ita
618 1399 738 1471 paratus
757 1384 834 1461 sum,
859 1400 967 1449 utnon

177 1497 368 1558 moralaeter.
414 1494 514 1560 Causa
537 1492 701 1569 dilationis,
725 1490 831 1574 Nepos
843 1488 966 1565 Praetor,

175 1600 227 1682 qui
255 1601 370 1682 legibus
391 1602 508 1684 quaerit.
560 1597 754 1683 Proposuerat
774 1598 865 1658 breve
888 1594 968 1657 edic·

175 1718 253 1779 tum,
278 1707 456 1767 admonebat
470 1704 659 1786 accusatores,
682 1703 862 1767 admonebat
889 1720 966 1774 reos,

128 1820 130 1824 '
175 1821 371 1871 executurum
382 1807 410 1871 se
431 1829 499 1892 quae
515 1807 768 1872 Senatusconsusto
781 1807 967 1871 contineren-

175 1925 236 1976 tur.
294 1912 418 1976 Suberat
446 1914 543 1977 curuo
574 1912 864 1977 Senatusconsultum
888 1914 963 1976 hoc:

177 2018 292 2095 Omnes,
308 2019 358 2102 qui
372 2019 444 2102 quid
457 2019 560 2103 negotii
584 2019 728 2094 haberent,
746 2021 853 2104 jurare
869 2020 965 2105 prins,

173 2148 256 2208 quam
279 2137 406 2208 agerent,
420 2124 609 2208 jubebantur,
631 2124 707 2188 nihil
709 2125 746 2210 se
761 2125 793 2189 ob
804 2126 966 2189 advocatio-

174 2253 234 2293 nem
256 2230 385 2312 cuiquam
407 2229 517 2317 dediffe,
547 2230 708 2317 promssffe,
734 2231 847 2319 caviffe.
888 2231 966 2297 ·His

174 2337 255 2397 enim
269 2337 379 2412 verbiS,
399 2355 433 2397 ac
453 2336 536 2398 mille
549 2349 700 2419 praeterea,
726 2337 885 2401 &vaenire
910 2338 964 2399 ad·

175 2441 354 2516 vocationes,
380 2442 411 2505 δι
439 2441 500 2503 emi
522 2444 709 2504 vetabantur.
762 2441 892 2505 Peradiis
919 2453 965 2503 ta·

173 2566 244 2608 men
267 2546 401 2628 negotiis,
429 2546 620 2628 permittebat
642 2547 800 2630 pecuniam
822 2550 965 2609 duntaxat

173 2651 277 2713 decem
290 2651 421 2712 millium
434 2652 516 2713 dare.
560 2650 631 2715 Hoc
643 2649 724 2715 sabio
737 2652 866 2735 Nepotis
880 2671 966 2713 com·

172 2769 272 2818 motus
294 2768 413 2839 praetor,
441 2756 494 2839 qui
517 2754 794 2819 Centumviralibus
819 2754 964 2837 praesrdet,

173 2862 401 2935 deliberaturus,
431 2881 470 2922 an
494 2859 663 2943 sequeretur
683 2860 868 2942 exemplum,
897 2859 964 2922 ino-

171 2967 306 3050 pinatum
324 2964 411 3027 nobis
426 2965 521 3028 otium
533 2965 626 3027 dedit.
671 2963 799 3027 Interim
813 2975 875 3026 tota
889 2964 963 3028 civi„
991 2990 994 2995 ·
