<?xml version="1.0" encoding="UTF-8"?>
<!DOCTYPE html PUBLIC "-//W3C//DTD XHTML 1.0 Transitional//EN"
    "http://www.w3.org/TR/xhtml1/DTD/xhtml1-transitional.dtd">
<html xmlns="http://www.w3.org/1999/xhtml" xml:lang="en" lang="en">
 <head>
  <title>
</title>
<meta http-equiv="Content-Type" content="text/html;charset=utf-8" />
  <meta name='ocr-system' content='tesseract 3.04.00' />
  <meta name='ocr-capabilities' content='ocr_page ocr_carea ocr_par ocr_line ocrx_word'/>
</head>
<body>
  <div class='ocr_page' id='page_1' title='image "./cpliniicciliise01plingoog_0034.png"; bbox 0 0 2317 3767; ppageno 0'>
   <div class='ocr_carea' id='block_1_1' title="bbox 229 279 866 344">
    <p class='ocr_par' dir='ltr' id='par_1_1' title="bbox 229 279 866 344">
     <span class='ocr_line' id='line_1_1' title="bbox 229 279 866 344; baseline -0.008 -14"><span class='ocrx_word' id='word_1_1' title='bbox 229 279 273 344; x_wconf 82' lang='grc'><strong>14</strong></span> <span class='ocrx_word' id='word_1_2' title='bbox 399 281 433 327; x_wconf 83' lang='lat' dir='ltr'><strong>C·</strong></span> <span class='ocrx_word' id='word_1_3' title='bbox 459 280 574 326; x_wconf 72' lang='lat' dir='ltr'><strong>selu.</strong></span> <span class='ocrx_word' id='word_1_4' title='bbox 601 281 866 327; x_wconf 79' lang='lat' dir='ltr'><strong>EPISTOLAR.</strong></span> 
     </span>
    </p>
   </div>
   <div class='ocr_carea' id='block_1_2' title="bbox 157 418 1023 3041">
    <p class='ocr_par' dir='ltr' id='par_1_2' title="bbox 157 418 1023 3041">
     <span class='ocr_line' id='line_1_2' title="bbox 229 418 1021 508; baseline -0.003 -19"><span class='ocrx_word' id='word_1_5' title='bbox 229 427 429 508; x_wconf 85' lang='lat' dir='ltr'><strong>ingenuorum</strong></span> <span class='ocrx_word' id='word_1_6' title='bbox 437 418 663 507; x_wconf 81' lang='lat' dir='ltr'><strong>pollicebamur.</strong></span> <span class='ocrx_word' id='word_1_7' title='bbox 708 422 879 489; x_wconf 84' lang='lat' dir='ltr'>Oculorum</span> <span class='ocrx_word' id='word_1_8' title='bbox 893 425 1021 508; x_wconf 84' lang='lat' dir='ltr'><strong>porro&amp;</strong></span> 
     </span>
     <span class='ocr_line' id='line_1_3' title="bbox 229 530 1022 613; baseline -0.001 -20"><span class='ocrx_word' id='word_1_9' title='bbox 229 530 348 593; x_wconf 86' lang='lat' dir='ltr'><strong>aurium</strong></span> <span class='ocrx_word' id='word_1_10' title='bbox 362 531 529 613; x_wconf 82' lang='lat' dir='ltr'><strong>voluptates</strong></span> <span class='ocrx_word' id='word_1_11' title='bbox 543 532 618 591; x_wconf 90' lang='lat' dir='ltr'><strong>adeo</strong></span> <span class='ocrx_word' id='word_1_12' title='bbox 634 550 695 593; x_wconf 90' lang='lat' dir='ltr'><strong>non</strong></span> <span class='ocrx_word' id='word_1_13' title='bbox 717 543 806 613; x_wconf 87' lang='lat' dir='ltr'><strong>egent</strong></span> <span class='ocrx_word' id='word_1_14' title='bbox 827 532 1022 592; x_wconf 88' lang='lat' dir='ltr'><strong>commenda-</strong></span> 
     </span>
     <span class='ocr_line' id='line_1_4' title="bbox 230 635 1023 719; baseline -0.001 -20"><span class='ocrx_word' id='word_1_15' title='bbox 230 636 324 711; x_wconf 87' lang='lat' dir='ltr'><strong>tione,</strong></span> <span class='ocrx_word' id='word_1_16' title='bbox 332 647 504 698; x_wconf 85' lang='lat' dir='ltr'><strong>utnontam</strong></span> <span class='ocrx_word' id='word_1_17' title='bbox 515 635 767 699; x_wconf 88' lang='lat' dir='ltr'><strong>incitaridebeant</strong></span> <span class='ocrx_word' id='word_1_18' title='bbox 776 637 921 711; x_wconf 88' lang='lat' dir='ltr'><strong>oratione,</strong></span> <span class='ocrx_word' id='word_1_19' title='bbox 930 656 1023 719; x_wconf 88' lang='lat' dir='ltr'><strong>quam</strong></span> 
     </span>
     <span class='ocr_line' id='line_1_5' title="bbox 230 740 1023 825; baseline 0.001 -23"><span class='ocrx_word' id='word_1_20' title='bbox 230 741 362 824; x_wconf 86' lang='lat' dir='ltr'><strong>reprimi.</strong></span> <span class='ocrx_word' id='word_1_21' title='bbox 408 740 455 805; x_wconf 94' lang='lat' dir='ltr'><strong>Ut</strong></span> <span class='ocrx_word' id='word_1_22' title='bbox 475 760 548 804; x_wconf 86' lang='lat' dir='ltr'><strong>vero</strong></span> <span class='ocrx_word' id='word_1_23' title='bbox 568 742 677 825; x_wconf 84' lang='lat' dir='ltr'><strong>aliquis</strong></span> <span class='ocrx_word' id='word_1_24' title='bbox 697 742 825 804; x_wconf 83' lang='lat' dir='ltr'><strong>libenter</strong></span> <span class='ocrx_word' id='word_1_25' title='bbox 839 741 1023 804; x_wconf 83' lang='lat' dir='ltr'><strong>educationis</strong></span> 
     </span>
     <span class='ocr_line' id='line_1_6' title="bbox 157 846 1023 930; baseline 0 -21"><span class='ocrx_word' id='word_1_26' title='bbox 157 900 162 909; x_wconf 90' lang='lat'><strong>.</strong></span> <span class='ocrx_word' id='word_1_27' title='bbox 231 846 367 922; x_wconf 88' lang='lat' dir='ltr'><strong>taedium,</strong></span> <span class='ocrx_word' id='word_1_28' title='bbox 400 847 593 930; x_wconf 82' lang='lat' dir='ltr'><strong>laboremque</strong></span> <span class='ocrx_word' id='word_1_29' title='bbox 621 846 767 929; x_wconf 85' lang='lat' dir='ltr'><strong>suscipiat,</strong></span> <span class='ocrx_word' id='word_1_30' title='bbox 803 867 864 909; x_wconf 90' lang='lat' dir='ltr'><strong>non</strong></span> <span class='ocrx_word' id='word_1_31' title='bbox 891 847 1023 930; x_wconf 80' lang='lat' dir='ltr'><strong>praemiis</strong></span> 
     </span>
     <span class='ocr_line' id='line_1_7' title="bbox 231 951 1022 1034; baseline 0 -20"><span class='ocrx_word' id='word_1_32' title='bbox 231 953 332 1027; x_wconf 91' lang='lat' dir='ltr'><strong>modo,</strong></span> <span class='ocrx_word' id='word_1_33' title='bbox 355 953 571 1014; x_wconf 88' lang='lat' dir='ltr'><strong>verumetiam</strong></span> <span class='ocrx_word' id='word_1_34' title='bbox 594 951 743 1034; x_wconf 77' lang='lat' dir='ltr'><strong>exquisitis</strong></span> <span class='ocrx_word' id='word_1_35' title='bbox 766 952 1022 1014; x_wconf 84' lang='lat' dir='ltr'><strong>adhortationibus</strong></span> 
     </span>
     <span class='ocr_line' id='line_1_8' title="bbox 230 1053 1021 1141; baseline -0.003 -21"><span class='ocrx_word' id='word_1_36' title='bbox 230 1056 454 1141; x_wconf 89' lang='lat' dir='ltr'><strong>impetrandum</strong></span> <span class='ocrx_word' id='word_1_37' title='bbox 468 1055 519 1120; x_wconf 83' lang='lat' dir='ltr'><strong>est.</strong></span> <span class='ocrx_word' id='word_1_38' title='bbox 557 1056 644 1120; x_wconf 91' lang='lat' dir='ltr'><strong>Nam</strong></span> <span class='ocrx_word' id='word_1_39' title='bbox 658 1057 679 1119; x_wconf 92' lang='lat' dir='ltr'><strong>s1</strong></span> <span class='ocrx_word' id='word_1_40' title='bbox 694 1053 802 1119; x_wconf 90' lang='lat' dir='ltr'><strong>medici</strong></span> <span class='ocrx_word' id='word_1_41' title='bbox 816 1055 957 1132; x_wconf 87' lang='lat' dir='ltr'><strong>salubres,</strong></span> <span class='ocrx_word' id='word_1_42' title='bbox 972 1056 1021 1119; x_wconf 86' lang='lat' dir='ltr'><strong>sed</strong></span> 
     </span>
     <span class='ocr_line' id='line_1_9' title="bbox 230 1162 1022 1246; baseline 0.001 -21"><span class='ocrx_word' id='word_1_43' title='bbox 230 1163 384 1245; x_wconf 86' lang='lat' dir='ltr'><strong>voluptate</strong></span> <span class='ocrx_word' id='word_1_44' title='bbox 396 1176 541 1240; x_wconf 82' lang='lat' dir='ltr'><strong>carentes,</strong></span> <span class='ocrx_word' id='word_1_45' title='bbox 563 1162 646 1225; x_wconf 89' lang='lat' dir='ltr'><strong>cibos</strong></span> <span class='ocrx_word' id='word_1_46' title='bbox 661 1162 866 1226; x_wconf 86' lang='lat' dir='ltr'><strong>blandioribus</strong></span> <span class='ocrx_word' id='word_1_47' title='bbox 884 1162 1022 1246; x_wconf 89' lang='lat' dir='ltr'><strong>alloquiis</strong></span> 
     </span>
     <span class='ocr_line' id='line_1_10' title="bbox 230 1267 1021 1353; baseline 0.001 -24"><span class='ocrx_word' id='word_1_48' title='bbox 230 1267 461 1353; x_wconf 85' lang='lat' dir='ltr'><strong>prosequuntur:</strong></span> <span class='ocrx_word' id='word_1_49' title='bbox 475 1280 588 1352; x_wconf 90' lang='lat' dir='ltr'><strong>quanto</strong></span> <span class='ocrx_word' id='word_1_50' title='bbox 602 1269 697 1350; x_wconf 89' lang='lat' dir='ltr'><strong>magis</strong></span> <span class='ocrx_word' id='word_1_51' title='bbox 711 1269 809 1330; x_wconf 89' lang='lat' dir='ltr'><strong>decuit</strong></span> <span class='ocrx_word' id='word_1_52' title='bbox 820 1268 937 1351; x_wconf 91' lang='lat' dir='ltr'><strong>publice</strong></span> <span class='ocrx_word' id='word_1_53' title='bbox 948 1288 1021 1330; x_wconf 89' lang='lat' dir='ltr'><strong>con·</strong></span> 
     </span>
     <span class='ocr_line' id='line_1_11' title="bbox 230 1371 1021 1457; baseline 0 -21"><span class='ocrx_word' id='word_1_54' title='bbox 230 1371 375 1436; x_wconf 88' lang='lat' dir='ltr'><strong>sulentem</strong></span> <span class='ocrx_word' id='word_1_55' title='bbox 396 1371 584 1437; x_wconf 77' lang='lat' dir='ltr'><strong>utilissimum</strong></span> <span class='ocrx_word' id='word_1_56' title='bbox 605 1395 727 1449; x_wconf 85' lang='lat' dir='ltr'><strong>munus,</strong></span> <span class='ocrx_word' id='word_1_57' title='bbox 750 1372 875 1437; x_wconf 86' lang='lat' dir='ltr'><strong>sednon</strong></span> <span class='ocrx_word' id='word_1_58' title='bbox 901 1374 1021 1457; x_wconf 88' lang='lat' dir='ltr'><strong>perinde</strong></span> 
     </span>
     <span class='ocr_line' id='line_1_12' title="bbox 230 1477 1021 1563; baseline -0.001 -21"><span class='ocrx_word' id='word_1_59' title='bbox 230 1481 383 1563; x_wconf 90' lang='lat' dir='ltr'><strong>populare,</strong></span> <span class='ocrx_word' id='word_1_60' title='bbox 404 1482 545 1543; x_wconf 88' lang='lat' dir='ltr'><strong>comitate</strong></span> <span class='ocrx_word' id='word_1_61' title='bbox 558 1479 700 1541; x_wconf 81' lang='lat' dir='ltr'><strong>orationis</strong></span> <span class='ocrx_word' id='word_1_62' title='bbox 713 1480 871 1541; x_wconf 79' lang='lat' dir='ltr'><strong>inducere?</strong></span> <span class='ocrx_word' id='word_1_63' title='bbox 896 1477 1021 1541; x_wconf 70' lang='lat' dir='ltr'><strong>Praeser-</strong></span> 
     </span>
     <span class='ocr_line' id='line_1_13' title="bbox 230 1585 1020 1667; baseline -0.005 -18"><span class='ocrx_word' id='word_1_64' title='bbox 230 1586 368 1649; x_wconf 88' lang='lat' dir='ltr'><strong>timeum</strong></span> <span class='ocrx_word' id='word_1_65' title='bbox 382 1586 556 1646; x_wconf 87' lang='lat' dir='ltr'><strong>enitendum</strong></span> <span class='ocrx_word' id='word_1_66' title='bbox 567 1585 756 1659; x_wconf 87' lang='lat' dir='ltr'><strong>haberemus,</strong></span> <span class='ocrx_word' id='word_1_67' title='bbox 780 1598 814 1646; x_wconf 91' lang='lat' dir='ltr'><strong>ut</strong></span> <span class='ocrx_word' id='word_1_68' title='bbox 824 1586 903 1667; x_wconf 92' lang='lat' dir='ltr'><strong>quod</strong></span> <span class='ocrx_word' id='word_1_69' title='bbox 914 1603 1020 1666; x_wconf 88' lang='lat' dir='ltr'><strong>paren-</strong></span> 
     </span>
     <span class='ocr_line' id='line_1_14' title="bbox 230 1690 1021 1772; baseline 0 -21"><span class='ocrx_word' id='word_1_70' title='bbox 230 1690 312 1751; x_wconf 88' lang='lat' dir='ltr'><strong>tibus</strong></span> <span class='ocrx_word' id='word_1_71' title='bbox 326 1690 463 1764; x_wconf 82' lang='lat' dir='ltr'><strong>dabatur,</strong></span> <span class='ocrx_word' id='word_1_72' title='bbox 470 1690 560 1751; x_wconf 90' lang='lat' dir='ltr'><strong>etiam</strong></span> <span class='ocrx_word' id='word_1_73' title='bbox 569 1690 656 1752; x_wconf 92' lang='lat' dir='ltr'><strong>nobis</strong></span> <span class='ocrx_word' id='word_1_74' title='bbox 664 1690 848 1772; x_wconf 84' lang='lat' dir='ltr'><strong>probaretur,</strong></span> <span class='ocrx_word' id='word_1_75' title='bbox 859 1691 1021 1765; x_wconf 88' lang='lat' dir='ltr'><strong>honorem-</strong></span> 
     </span>
     <span class='ocr_line' id='line_1_15' title="bbox 229 1794 1020 1878; baseline 0.004 -22"><span class='ocrx_word' id='word_1_76' title='bbox 229 1814 289 1877; x_wconf 86' lang='lat' dir='ltr'><strong>que</strong></span> <span class='ocrx_word' id='word_1_77' title='bbox 302 1813 467 1877; x_wconf 89' lang='lat' dir='ltr'><strong>paucorum</strong></span> <span class='ocrx_word' id='word_1_78' title='bbox 489 1794 589 1857; x_wconf 88' lang='lat' dir='ltr'><strong>caeteri</strong></span> <span class='ocrx_word' id='word_1_79' title='bbox 602 1796 746 1877; x_wconf 88' lang='lat' dir='ltr'><strong>patienter</strong></span> <span class='ocrx_word' id='word_1_80' title='bbox 759 1797 790 1859; x_wconf 70' lang='grc' dir='ltr'><strong>ἃ</strong></span> <span class='ocrx_word' id='word_1_81' title='bbox 810 1794 972 1878; x_wconf 71' lang='lat' dir='ltr'><strong>speclarent</strong></span> <span class='ocrx_word' id='word_1_82' title='bbox 990 1796 1020 1859; x_wconf 92' lang='lat'>&amp;</span> 
     </span>
     <span class='ocr_line' id='line_1_16' title="bbox 230 1899 1020 1984; baseline 0.004 -24"><span class='ocrx_word' id='word_1_83' title='bbox 230 1899 420 1962; x_wconf 86' lang='lat' dir='ltr'><strong>mirarentur.</strong></span> <span class='ocrx_word' id='word_1_84' title='bbox 465 1899 524 1963; x_wconf 88' lang='lat' dir='ltr'><strong>Sed</strong></span> <span class='ocrx_word' id='word_1_85' title='bbox 546 1913 580 1962; x_wconf 92' lang='lat' dir='ltr'><strong>ut</strong></span> <span class='ocrx_word' id='word_1_86' title='bbox 602 1909 674 1963; x_wconf 89' lang='lat' dir='ltr'><strong>tunc</strong></span> <span class='ocrx_word' id='word_1_87' title='bbox 698 1902 911 1965; x_wconf 83' lang='lat' dir='ltr'><strong>communibus</strong></span> <span class='ocrx_word' id='word_1_88' title='bbox 926 1902 1020 1984; x_wconf 90' lang='lat' dir='ltr'><strong>magis</strong></span> 
     </span>
     <span class='ocr_line' id='line_1_17' title="bbox 228 2005 1020 2090; baseline 0.006 -25"><span class='ocrx_word' id='word_1_89' title='bbox 228 2005 396 2067; x_wconf 81' lang='lat' dir='ltr'><strong>commodis</strong></span> <span class='ocrx_word' id='word_1_90' title='bbox 410 2026 502 2088; x_wconf 91' lang='lat' dir='ltr'><strong>quam</strong></span> <span class='ocrx_word' id='word_1_91' title='bbox 516 2007 640 2089; x_wconf 85' lang='lat' dir='ltr'><strong>privatae</strong></span> <span class='ocrx_word' id='word_1_92' title='bbox 651 2006 805 2090; x_wconf 67' lang='lat' dir='ltr'><strong>jactantiae</strong></span> <span class='ocrx_word' id='word_1_93' title='bbox 818 2007 1020 2081; x_wconf 87' lang='lat' dir='ltr'><strong>studebamus,</strong></span> 
     </span>
     <span class='ocr_line' id='line_1_18' title="bbox 229 2093 1020 2196; baseline 0.005 -25"><span class='ocrx_word' id='word_1_94' title='bbox 229 2128 300 2173; x_wconf 91' lang='lat' dir='ltr'><strong>cum</strong></span> <span class='ocrx_word' id='word_1_95' title='bbox 326 2093 523 2172; x_wconf 86' lang='lat' dir='ltr'><strong>intentionem</strong></span> <span class='ocrx_word' id='word_1_96' title='bbox 549 2109 749 2196; x_wconf 67' lang='lat' dir='ltr'><strong>effectumque</strong></span> <span class='ocrx_word' id='word_1_97' title='bbox 771 2114 904 2176; x_wconf 88' lang='lat' dir='ltr'><strong>muneris</strong></span> <span class='ocrx_word' id='word_1_98' title='bbox 931 2113 1020 2177; x_wconf 86' lang='lat' dir='ltr'><strong>nostri</strong></span> 
     </span>
     <span class='ocr_line' id='line_1_19' title="bbox 230 2213 1021 2298; baseline 0.005 -22"><span class='ocrx_word' id='word_1_99' title='bbox 230 2213 376 2277; x_wconf 87' lang='lat' dir='ltr'><strong>vellemus</strong></span> <span class='ocrx_word' id='word_1_100' title='bbox 391 2216 536 2298; x_wconf 86' lang='lat' dir='ltr'><strong>intelligi:</strong></span> <span class='ocrx_word' id='word_1_101' title='bbox 560 2217 602 2277; x_wconf 87' lang='lat' dir='ltr'><strong>ita</strong></span> <span class='ocrx_word' id='word_1_102' title='bbox 623 2237 703 2280; x_wconf 88' lang='lat' dir='ltr'><strong>nunc</strong></span> <span class='ocrx_word' id='word_1_103' title='bbox 727 2217 759 2279; x_wconf 92' lang='lat' dir='ltr'><strong>in</strong></span> <span class='ocrx_word' id='word_1_104' title='bbox 781 2219 896 2281; x_wconf 86' lang='lat' dir='ltr'><strong>ratione</strong></span> <span class='ocrx_word' id='word_1_105' title='bbox 912 2213 1021 2280; x_wconf 90' lang='lat' dir='ltr'><strong>edendi</strong></span> 
     </span>
     <span class='ocr_line' id='line_1_20' title="bbox 228 2317 1021 2400; baseline 0.008 -19"><span class='ocrx_word' id='word_1_106' title='bbox 228 2339 378 2396; x_wconf 84' lang='lat' dir='ltr'><strong>veremur,</strong></span> <span class='ocrx_word' id='word_1_107' title='bbox 401 2341 439 2382; x_wconf 91' lang='lat' dir='ltr'><strong>ne</strong></span> <span class='ocrx_word' id='word_1_108' title='bbox 452 2317 529 2383; x_wconf 88' lang='lat' dir='ltr'><strong>forte</strong></span> <span class='ocrx_word' id='word_1_109' title='bbox 542 2343 603 2384; x_wconf 93' lang='lat' dir='ltr'><strong>non</strong></span> <span class='ocrx_word' id='word_1_110' title='bbox 618 2323 747 2386; x_wconf 87' lang='lat' dir='ltr'><strong>aliorum</strong></span> <span class='ocrx_word' id='word_1_111' title='bbox 761 2324 950 2400; x_wconf 86' lang='lat' dir='ltr'><strong>utilitatibus,</strong></span> <span class='ocrx_word' id='word_1_112' title='bbox 972 2324 1021 2387; x_wconf 86' lang='lat' dir='ltr'><strong>sed</strong></span> 
     </span>
     <span class='ocr_line' id='line_1_21' title="bbox 227 2425 1021 2510; baseline 0.005 -24"><span class='ocrx_word' id='word_1_113' title='bbox 227 2426 355 2510; x_wconf 83' lang='lat' dir='ltr'><strong>propriae</strong></span> <span class='ocrx_word' id='word_1_114' title='bbox 368 2427 450 2489; x_wconf 92' lang='lat' dir='ltr'><strong>laudi</strong></span> <span class='ocrx_word' id='word_1_115' title='bbox 463 2425 579 2490; x_wconf 83' lang='lat' dir='ltr'><strong>serviffe</strong></span> <span class='ocrx_word' id='word_1_116' title='bbox 593 2427 758 2492; x_wconf 86' lang='lat' dir='ltr'><strong>videamur.</strong></span> <span class='ocrx_word' id='word_1_117' title='bbox 798 2428 944 2492; x_wconf 83' lang='lat' dir='ltr'><strong>Praeterea</strong></span> <span class='ocrx_word' id='word_1_118' title='bbox 954 2450 1021 2490; x_wconf 88' lang='lat' dir='ltr'><strong>me·</strong></span> 
     </span>
     <span class='ocr_line' id='line_1_22' title="bbox 229 2528 1019 2617; baseline 0.009 -26"><span class='ocrx_word' id='word_1_119' title='bbox 229 2528 374 2592; x_wconf 88' lang='lat' dir='ltr'><strong>minimus</strong></span> <span class='ocrx_word' id='word_1_120' title='bbox 387 2545 501 2615; x_wconf 87' lang='lat' dir='ltr'><strong>quanto</strong></span> <span class='ocrx_word' id='word_1_121' title='bbox 515 2533 629 2617; x_wconf 84' lang='lat' dir='ltr'><strong>majore</strong></span> <span class='ocrx_word' id='word_1_122' title='bbox 643 2533 745 2598; x_wconf 91' lang='lat' dir='ltr'><strong>animo</strong></span> <span class='ocrx_word' id='word_1_123' title='bbox 766 2535 925 2598; x_wconf 86' lang='lat' dir='ltr'><strong>honestatis</strong></span> <span class='ocrx_word' id='word_1_124' title='bbox 938 2532 1019 2597; x_wconf 86' lang='lat' dir='ltr'><strong>fruc-</strong></span> 
     </span>
     <span class='ocr_line' id='line_1_23' title="bbox 227 2636 1018 2725; baseline 0.005 -26"><span class='ocrx_word' id='word_1_125' title='bbox 227 2647 277 2699; x_wconf 85' lang='lat' dir='ltr'><strong>tus</strong></span> <span class='ocrx_word' id='word_1_126' title='bbox 302 2638 335 2699; x_wconf 91' lang='lat' dir='ltr'><strong>in</strong></span> <span class='ocrx_word' id='word_1_127' title='bbox 357 2636 546 2716; x_wconf 89' lang='lat' dir='ltr'><strong>conscientia,</strong></span> <span class='ocrx_word' id='word_1_128' title='bbox 573 2661 665 2725; x_wconf 85' lang='lat' dir='ltr'><strong>quam</strong></span> <span class='ocrx_word' id='word_1_129' title='bbox 690 2639 821 2704; x_wconf 83' lang='lat' dir='ltr'><strong>insama</strong></span> <span class='ocrx_word' id='word_1_130' title='bbox 849 2653 1018 2723; x_wconf 86' lang='lat' dir='ltr'><strong>reponatur.</strong></span> 
     </span>
     <span class='ocr_line' id='line_1_24' title="bbox 230 2742 1021 2830; baseline 0.003 -24"><span class='ocrx_word' id='word_1_131' title='bbox 230 2742 320 2828; x_wconf 88' lang='lat' dir='ltr'><strong>Sequi</strong></span> <span class='ocrx_word' id='word_1_132' title='bbox 346 2744 427 2805; x_wconf 90' lang='lat' dir='ltr'><strong>enim</strong></span> <span class='ocrx_word' id='word_1_133' title='bbox 450 2744 556 2827; x_wconf 78' lang='lat' dir='ltr'><strong>gloria,</strong></span> <span class='ocrx_word' id='word_1_134' title='bbox 579 2766 640 2808; x_wconf 92' lang='lat' dir='ltr'><strong>non</strong></span> <span class='ocrx_word' id='word_1_135' title='bbox 664 2748 762 2830; x_wconf 88' lang='lat' dir='ltr'><strong>appeti</strong></span> <span class='ocrx_word' id='word_1_136' title='bbox 782 2748 887 2809; x_wconf 91' lang='lat' dir='ltr'><strong>debet:</strong></span> <span class='ocrx_word' id='word_1_137' title='bbox 911 2767 977 2822; x_wconf 91' lang='lat' dir='ltr'><strong>nec,</strong></span> <span class='ocrx_word' id='word_1_138' title='bbox 1000 2745 1021 2808; x_wconf 87' lang='lat' dir='ltr'><strong>st</strong></span> 
     </span>
     <span class='ocr_line' id='line_1_25' title="bbox 226 2848 1022 2936; baseline 0.004 -26"><span class='ocrx_word' id='word_1_139' title='bbox 226 2848 411 2934; x_wconf 84' lang='lat' dir='ltr'><strong>casualiquo</strong></span> <span class='ocrx_word' id='word_1_140' title='bbox 424 2869 486 2912; x_wconf 90' lang='lat' dir='ltr'><strong>non</strong></span> <span class='ocrx_word' id='word_1_141' title='bbox 499 2848 649 2935; x_wconf 84' lang='lat' dir='ltr'><strong>sequatur,</strong></span> <span class='ocrx_word' id='word_1_142' title='bbox 671 2853 782 2915; x_wconf 88' lang='lat' dir='ltr'><strong>idcirco</strong></span> <span class='ocrx_word' id='word_1_143' title='bbox 800 2855 880 2936; x_wconf 95' lang='lat' dir='ltr'><strong>quod</strong></span> <span class='ocrx_word' id='word_1_144' title='bbox 894 2853 1022 2935; x_wconf 89' lang='lat' dir='ltr'><strong>gloriam</strong></span> 
     </span>
     <span class='ocr_line' id='line_1_26' title="bbox 226 2955 1022 3041; baseline 0.003 -26"><span class='ocrx_word' id='word_1_145' title='bbox 226 2971 290 3017; x_wconf 84' lang='lat' dir='ltr'><strong>uon</strong></span> <span class='ocrx_word' id='word_1_146' title='bbox 305 2955 427 3032; x_wconf 86' lang='lat' dir='ltr'><strong>meruit,</strong></span> <span class='ocrx_word' id='word_1_147' title='bbox 449 2956 550 3018; x_wconf 90' lang='lat' dir='ltr'><strong>minus</strong></span> <span class='ocrx_word' id='word_1_148' title='bbox 563 2958 724 3040; x_wconf 86' lang='lat' dir='ltr'><strong>pulchrum</strong></span> <span class='ocrx_word' id='word_1_149' title='bbox 738 2955 789 3019; x_wconf 87' lang='lat' dir='ltr'><strong>est.</strong></span> <span class='ocrx_word' id='word_1_150' title='bbox 837 2957 952 3021; x_wconf 91' lang='lat' dir='ltr'><strong>livero</strong></span> <span class='ocrx_word' id='word_1_151' title='bbox 969 2957 1022 3041; x_wconf 92' lang='lat' dir='ltr'><strong>qui</strong></span> 
     </span>
    </p>
   </div>
   <div class='ocr_carea' id='block_1_3' title="bbox 0 0 1164 3767">
    <p class='ocr_par' dir='ltr' id='par_1_3' title="bbox 0 0 1164 3767">
     <span class='ocr_line' id='line_1_27' title="bbox 0 0 1164 3767; baseline 0 0"><span class='ocrx_word' id='word_1_152' title='bbox 0 0 1164 3767; x_wconf 95' lang='lat' dir='ltr'><strong> </strong></span> 
     </span>
    </p>
   </div>
  </div>
 </body>
</html>
