2317 3767
195 279 259 348 234
356 281 529 327 c.1³1.1u.
559 281 822 328 errsronan.

191 422 334 507 probitas,
361 421 522 485 constantia
536 422 628 499 salva,
648 427 772 488 decorus
794 424 926 501 habitus,
939 446 982 489 us

196 529 331 610 planum,
359 548 419 590 vox
432 528 538 605 virilis,
557 543 646 592 tenax
661 530 817 607 memoria,
839 550 984 613 magnum

195 633 361 716 ingenium,
381 633 529 717 judicium
541 636 670 719 aequale,
696 657 764 719 quae
778 635 891 717 singula
907 637 984 698 mihi

195 739 341 821 voluptati
354 735 496 801 fuerunt:
520 754 609 824 atque
633 741 710 803 inter
723 742 788 803 haec
813 741 889 803 illud
902 740 983 825 quod

194 843 226 909 ’ἃ
247 842 298 927 ipfi
324 864 373 906 me
401 856 435 907 ut
465 845 621 921 renotem,
649 859 682 909 ut
703 845 876 929 magistrum
901 846 983 908 intu-

193 951 339 1012 ebantur:
370 950 401 1012 ἃ
429 951 451 1012 ii
481 953 532 1033 qui
570 952 729 1013 audiebant
757 971 807 1012 me
833 950 980 1026 aemulari,

193 1055 269 1118 meis
283 1055 388 1117 instare
402 1055 528 1138 vestigiis
542 1056 730 1119 videbantur.
775 1053 807 1118 O
822 1055 903 1117 diem
917 1055 981 1150 x(re-

192 1173 293 1244 petam
306 1155 400 1238 enim)
426 1160 542 1235 laetum,
567 1161 791 1243 notandumque
813 1159 890 1222 mihi
911 1180 982 1222 can-
1034 1222 1038 1228 .

192 1264 340 1328 didiffimo
362 1265 496 1329 calculo!
524 1266 610 1349 Quid
625 1266 706 1328 enim
732 1279 784 1333 aut
798 1267 915 1348 publice
928 1268 982 1328 lae-

88 1386 90 1391 ⁴
192 1372 252 1435 tius
266 1394 357 1456 quarn
371 1372 543 1437 elariffimos
558 1372 686 1455 juvenes
699 1392 811 1434 nomen
820 1373 851 1435 dc
865 1367 981 1433 famam

192 1498 231 1540 ex
244 1477 345 1540 studiis
358 1479 480 1560 petere?
507 1489 558 1539 aut
572 1477 648 1540 mihi
667 1478 806 1560 optatius,
824 1497 915 1560 quam
929 1496 981 1538 me

192 1585 231 1645 ad
255 1583 335 1645 tedia
357 1583 545 1645 tendentibus
567 1581 647 1665 quafi
660 1584 822 1667 exemplar
842 1581 899 1645 ess'e
913 1603 982 1665 pro-

191 1687 316 1771 positum
329 1689 339 1748 ?
365 1686 459 1771 Quod
471 1688 628 1770 gaudium,
654 1700 687 1750 ut
700 1702 842 1772 perper-uo
852 1688 980 1775 capiam,

191 1794 263 1854 deos
277 1812 351 1854 oro:
375 1813 410 1854 ac
424 1790 541 1855 eosdem
561 1793 646 1857 testes
660 1807 739 1877 peto,
760 1808 794 1857 ut
807 1815 912 1857 omnes
930 1794 981 1877 qui

192 1919 241 1961 me
255 1898 365 1961 imitari
392 1899 466 1960 tanti
480 1901 639 1982 putabunt,
663 1900 800 1963 meliores
819 1898 875 1963 effe
888 1918 980 1984 quarn

174 2024 178 2031 “
191 2022 253 2080 me,
277 2005 381 2066 velint.
427 2004 516 2069 Vale.

227 2236 303 2281 x11.
329 2235 362 2279 C·
388 2236 533 2280 PLINIUS
559 2235 707 2283 FABATO
733 2235 943 2283 PROSOCERO

524 2341 641 2386 SUOS.
696 2350 703 2365 ·

188 2490 268 2600 Tu
293 2557 363 2599 vero
381 2556 443 2599 non
461 2537 551 2598 debes
565 2533 697 2618 suspensa
711 2556 804 2598 manu
824 2552 979 2598 commen-

189 2644 261 2704 dare
282 2641 370 2716 mihi,
390 2661 465 2725 quos
490 2642 617 2703 tuendos
641 2654 737 2724 putas.
782 2640 869 2705 Nam
887 2632 925 2705 ⁸&
949 2653 980 2702 te

187 2748 273 2809 decet
286 2747 391 2810 multis
411 2745 552 2830 prodeffe,
572 2747 604 2809 ἃ
621 2766 671 2808 me
684 2744 824 2830 suscipere
837 2746 981 2831 quicquid

188 2855 228 2914 ad
240 2872 344 2916 curam
358 2865 442 2915 tuam
452 2851 588 2934 pertinet.
634 2850 741 2934 Itaque
757 2850 981 2916 Vedtio'Prisco·

188 2969 335 3042 quantum
357 2949 522 3040 plurimum
546 2969 670 3040 potuero
682 2956 835 3041 praestabo,
858 2955 979 3042 praeser-
