2317 3767
394 282 661 362 LIBERUX.

248 548 370 593 xx111.
402 549 588 601 TRAJANUS
612 546 743 595 rutulo
770 549 797 592 8.

137 690 385 805 Crvrrnrrm
411 739 645 807 Alexandrinam
659 740 820 803 secundum
840 738 922 803 insti·

135 845 280 911 tutionem
296 846 461 929 principum
478 867 539 909 non
560 859 671 909 temere
685 848 755 907 dare
773 844 920 928 proposui,

134 947 182 1011 sed
196 968 266 1011 cum
281 949 469 1032 Harpocrati‘
481 950 643 1034 Iatraliptae
656 964 710 1014 tuo
725 950 791 1034 jam
815 950 921 1012 civita·

135 1067 196 1117 tem
218 1054 389 1118 Romanam
404 1054 616 1137 impetraveris,
648 1057 719 1117 huic
739 1075 856 1138 quoque
871 1075 922 1136 pe·

95 1158 102 1169 '
133 1159 232 1236 titioni
251 1171 313 1221 tuae
336 1178 442 1240 negare
462 1180 523 1221 non
546 1158 681 1222 sustineo·
725 1159 781 1223 Tu
805 1181 844 1222 ex
864 1180 923 1244 qua

136 1283 229 1331 nomo
241 1261 287 1337 fit,
309 1277 414 1325 notum
437 1261 513 1327 mihi
526 1262 622 1327 facere
636 1263 769 1339 debebis,
796 1277 829 1326 ut
848 1263 921 1346 epis·

134 1370 227 1435 tolam
250 1368 304 1433 tibi
329 1372 366 1431 ad
392 1368 570 1453 Pompejum
587 1370 725 1433 Plantam
747 1366 922 1452 praefeiium

136 1474 261 1558 AEgypti
275 1474 404 1537 amicum
418 1496 520 1538 meum
544 1477 672 1540 mittam.

242 1702 347 1746 xxlv.
381 1703 414 1747 C·
441 1704 588 1748 PLINIUS
610 1702 668 1748 Tu.
688 1700 766 1747 [MP.
789 1705 817 1747 S.

136 1845 251 1967 ,Cum
276 1894 364 1957 divus
378 1905 459 1978 pater
472 1907 552 1969 tuus,
577 1894 723 1969 Domine,
746 1896 777 1958 &
793 1894 924 1957 oratione

135 1998 344 2082 pulcherrima,
377 2001 408 2063 dc
431 1998 629 2062 honestissimo
654 2001 791 2084 exemplo
819 2022 923 2063 omnes

136 2104 215 2167 cives
238 2107 275 2166 ad
298 2101 533 2167 munificentiam
557 2104 627 2169 effer
649 2106 829 2181 cohortatus,
852 2106 923 2189 petii

136 2211 225 2285 abeo
240 2223 273 2272 ut
286 2209 391 2272 statuas
406 2210 585 2294 principum,
608 2231 682 2292 quas
704 2211 735 2272 in
754 2210 923 2294 longinquis

28 2390 32 2403 ι
137 2312 226 2394 agris,
242 2335 293 2397 per
307 2317 403 2399 plures
415 2314 601 2378 successiones
613 2315 731 2377 traditas
743 2314 829 2391 mihi,
846 2325 922 2398 ‘qua-

135 2419 181 2480 les
196 2439 376 2502 acceperam,
391 2419 602 2507 custodiebam,
618 2421 798 2503 permitteret
811 2421 841 2481 in
856 2440 924 2482 mu-

135 2523 280 2606 nicipium
302 2523 469 2602 transferre,
490 2525 606 2609 adjeiia
627 2524 678 2588 sua
698 2525 803 2603 statua,
827 2527 922 2608 quod-

137 2649 195 2710 que
217 2627 267 2690 ille
286 2628 361 2690 mihi
373 2649 443 2690 cum
458 2629 622 2711 pleniffimo
644 2628 810 2693 testimonio
823 2630 924 2692 indul-

137 2731 222 2808 serat,
254 2753 309 2815 ego
331 2733 427 2795 statim
454 2733 661 2797 decurionibus
685 2734 864 2819 scripseram,
891 2746 925 2797 ut

138 2837 320 2921 adsignarent
342 2838 449 2914 solum,
479 2836 511 2901 in
533 2861 594 2922 quo
623 2840 769 2922 templum
800 2840 923 2922 pesum

137 2964 206 3007 mea
229 2956 413 3027 exstruerem:
446 2942 491 3005 illi
515 2943 547 3005 in
575 2945 688 3006 honore
715 2943 813 3029 operis
837 2942 924 3027 ipsius

512 3046 613 3112 Ee2
