2317 3767
203 272 264 340 152
364 274 398 320 C·
424 275 538 321 mn.
564 274 826 322 trlsrounn.

201 416 242 479 ris
270 415 403 499 pudoris,
431 415 547 498 πολλὴν
576 419 708 500 πρόνοιαν
729 412 806 501 εἶχεν
830 419 992 501 eduxique

201 531 313 591 uretur.
357 520 504 586 Praeterea
514 522 617 601 Celer,
639 545 729 609 eques
751 523 922 601 Romanus,
944 523 993 587 cui

203 626 347 693 Cornelia
371 628 576 712 objiciebatur,
603 631 726 693 cumin
754 629 878 693 conuitio
902 629 993 712 virgis

85 731 86 736 ’
202 736 375 811 caederetur,
397 734 430 796 in
443 735 500 797 hac
515 756 588 798 voce
601 734 772 819 perstiterat,
802 733 888 819 Quid
909 731 990 797 feci?

204 839 282 902 nihil
298 835 367 902 feci.
410 837 545 903 Ardebat
564 859 634 923 ergo
650 840 846 903 Domitianus
868 840 899 901 ἃ
923 860 993 901 cnr-

203 944 374 1009 deliratis&
393 944 557 1026 iniquitatis
570 942 694 1008 insania.
738 943 855 1027 Arripit
876 942 992 1010 Licini·

203 1070 308 1125 anum,
338 1051 418 1133 quod
442 1050 476 1111 in
501 1050 577 1131 agris
602 1049 661 1113 suis
682 1048 851 1113 occultuffet
873 1047 992 1114 Corne·

88 1180 93 1193 „
202 1155 252 1218 11ae
266 1155 444 1218 libertatem.
489 1154 547 1218 Ille
560 1157 599 1218 ab
618 1155 666 1231 iis,
688 1155 798 1238 quibus
816 1166 879 1216 erat
900 1174 991 1230 curae,

203 1274 413 1346 premonetur,
434 1261 457 1324 sr
478 1262 637 1324 comitium
656 1261 687 1325 ἃ
701 1260 798 1343 virgus
812 1259 873 1343 poti
887 1260 991 1334 nollet,

203 1368 241 1428 ad
254 1361 465 1429 confessionem
486 1363 669 1448 confugeret,
695 1364 775 1450 quafi
797 1367 835 1427 ad
860 1364 991 1427 veniam.

206 1468 233 1535 F
233 1472 301 1534 ecit.
345 1469 480 1536 Locutus
495 1470 535 1534 est
551 1491 606 1555 pro
619 1468 737 1534 absente
753 1466 993 1536 Herennius&-

204 1578 290 1640 necio
323 1577 382 1639 tale
414 1577 568 1660 quiddam,
592 1575 690 1665 *quale
712 1574 759 1640 <est
780 1575 867 1655 illud,
895 1584 993 1643 κεῖται

206 1678 412 1763 nequando.
456 1676 512 1743 Ait
525 1680 621 1756 enim,
638 1701 677 1743 ex
701 1683 845 1744 advocato
866 1679 994 1743 nuncius

205 1783 301 1849 factus
329 1783 405 1850 surn.
462 1783 590 1849 Receffit
618 1784 805 1852 Licinianus.
859 1785 994 1851 Gratum

203 1890 262 1952 hoc
277 1889 467 1968 Domitiano,
488 1892 564 1958 adeo
577 1891 710 1976 quidem,
733 1904 768 1956 ut
791 1892 901 1975 gaudio
924 1912 993 1982 pro-

204 1993 333 2072 deretur,
359 1996 537 2081 diceretque,
559 1993 698 2062 Absolvit
721 2017 776 2060 nos
804 1990 991 2062 Licinianus.

204 2097 326 2185 Adjecit
354 2100 457 2178 etiarn,
490 2121 551 2164 non
580 2099 638 2163 effe
660 2102 845 2166 verecundiae
866 2102 931 2186 ejus
942 2102 995 2168 in·

202 2203 356 2268 standum:
381 2203 432 2289 ipsr
451 2226 523 2269 vero
546 2204 686 2289 permisit,
710 2207 732 2270 sr
753 2227 813 2291 qua
827 2206 930 2291 poss'et,
954 2226 994 2271 ex

203 2312 291 2373 rebus
304 2309 363 2380 suis
377 2323 502 2393 raperet,
517 2323 679 2395 antequam
703 2313 783 2384 bona
804 2312 992 2395 publioeren-

205 2429 265 2492 tur,
295 2416 477 2500 exiliuntque
501 2417 605 2491 molle,
628 2417 712 2480 velut
724 2417 882 2500 praemium
897 2416 990 2479 dedit.

201 2521 250 2593 Ex
271 2542 331 2606 quo
355 2533 456 2585 tamen
478 2521 577 2606 postea
600 2522 759 2586 clementia
773 2521 850 2592 Divi
876 2520 993 2590 Nervae

201 2627 358 2696 transsatus
371 2625 412 2689 est
438 2628 470 2689 in
487 2626 631 2704 Siciliam,
648 2627 700 2691 ubi
721 2648 801 2691 nunc
825 2623 991 2710 profitentu

161 2783 165 2788 .
202 2733 289 2820 seque
310 2734 347 2796 de
367 2727 488 2808 fortuna
509 2728 734 2815 praefationibus
748 2731 890 2795 vindicat.
935 2728 993 2793 Vi,

203 2842 267 2916 des,
294 2858 386 2922 quarn
411 2834 605 2921 obsequenter
624 2858 745 2922 paream
766 2837 834 2913 tibi,
860 2836 994 2920 quinon

200 2941 296 3016 solun
311 2963 357 3014 res
369 2942 508 3018 urbanas,
524 2962 631 3015 renim
642 2942 733 3014 etiam
748 2942 915 3026 peregrinae
928 2952 992 3013 tam
