2317 3767
231 255 294 346 436
391 274 425 321 c.
451 244 568 322 run.
596 271 860 321 insuerit.

232 420 263 484 ἃ
291 420 365 482 duos
386 419 475 502 pedes
501 412 589 494 latos)
616 416 748 501 impolita
771 437 863 481 onera
884 414 1027 505 sustinere

232 545 293 588 non
307 522 397 606 poffe,
427 522 497 607 quia
513 521 574 584 fine
592 534 729 587 cemento
743 524 843 586 medio
856 523 946 605 parti,
967 543 1025 585 nec

146 674 157 702 „
194 654 197 659 “
233 628 357 691 testaceo
369 648 457 712 opere
475 627 635 712 praecineti.
681 626 936 711 Claudiopolitani
947 649 1025 716 quo-

232 734 336 817 quein
360 732 491 816 depreiio
512 735 590 810 lo‘co,
612 733 789 795 imminente
802 731 894 795 etiam
908 745 1024 809 monte,

232 840 338 922 ingens
351 838 504 900 balineum
518 834 685 913 defodiunt,
713 840 809 922 magis
822 860 914 923 quam
928 837 1024 901 aedifi-

233 958 314 1019 cant,
337 943 502 1025 &quidem
521 963 559 1009 eu
574 964 610 1005 ea
623 944 758 1026 pecunia,
782 940 873 1025 quam
893 945 1026 1005 buleutae

233 1051 347 1113 addunt
360 1047 505 1113 beneficio
518 1061 583 1123 tun,
599 1062 651 1110 aut
666 1048 733 1132 jam
743 1049 915 1111 obtulerunt
925 1050 964 1113 ob
974 1049 1025 1110 in-

232 1154 369 1229 troitum,
384 1167 435 1219 aut
449 1153 535 1221 nobis
545 1154 733 1235 exigentibus
749 1149 913 1222 conferent.
942 1151 1026 1234 Ergo

181 1260 183 1263 ’
233 1280 305 1322 cum
330 1259 467 1336 timeam,
486 1279 534 1323 ,ne
556 1259 618 1321 illic
645 1259 765 1341 publica
791 1258 934 1341 pecunia:
957 1258 1023 1334 hic,

233 1366 314 1450 quod
327 1364 368 1426 est
381 1364 465 1428 onmi
484 1364 610 1447 pecunia
625 1364 787 1448 pretiofius,
812 1383 921 1426 munus
935 1375 1026 1424 tuum

234 1472 313 1534 male
334 1470 511 1534 collocetura
533 1489 622 1552 cogor
641 1467 829 1552 petere'aite,
852 1487 914 1530 non
928 1465 1026 1531 solum

232 1579 275 1640 ob
303 1574 466 1652 theatrum,
496 1594 602 1636 verum
622 1575 713 1642 etiam
740 1576 780 1638 ob
807 1576 873 1636 haec
894 1573 1024 1649 balinea,

235 1680 336 1744 mittas
350 1678 544 1747 architedium
558 1677 776 1763 dispetiurumz
799 1693 901 1743 utrum
915 1678 950 1741 fit
964 1679 1026 1742 uti-

232 1786 306 1863 ·lius,
322 1784 384 1870 poti
395 1784 546 1871 sumptum
557 1785 611 1868 qui
620 1781 778 1862 fatiusest,
801 1805 921 1869 quoquo
932 1786 1026 1849 modo

167 1882 172 1887 ⁴
235 1889 440 1954 consummare
454 1911 543 1973 opera
563 1902 598 1953 ut
618 1890 757 1954 inchoata
774 1889 860 1953 sunt:
885 1911 937 1967 an,
956 1911 1027 1973 quae

235 1996 373 2073 videntur
396 1997 594 2072 emendanda,
618 1996 783 2079 corrigere:
806 2017 875 2080 quae
897 1994 1026 2058 transfe-

235 2101 338 2177 renda,
352 2096 522 2178 transferre,
535 2116 573 2164 ne
584 2103 658 2163 dum
669 2099 780 2163 servare
790 2104 930 2169 volumus
943 2102 1027 2185 quod

236 2205 402 2289 impensum
421 2204 473 2284 est,
496 2207 575 2271 maie
590 2206 797 2292 impendamus
810 2207 890 2291 quod
911 2207 1026 2277 adden·v

235 2314 308 2376 dum
322 2309 373 2374 est.
416 2362 418 2365 .

235 2556 239 2563 ’
357 2541 455 2588 xux.
496 2541 685 2595 TRAIANUS
705 2541 830 2587 rutulo
848 2541 877 2586 S.

238 2682 373 2821 Quin
389 2720 520 2818 oporteat
533 2733 597 2799 fieri
607 2682 686 2798 eirca
699 2720 862 2811 theatrum,
884 2736 966 2821 quod
975 2735 1026 2807 in·

236 2842 377 2904 choatum
390 2842 471 2924 apud
486 2839 632 2906 Nicenses
651 2840 702 2916 est,
722 2841 805 2911 inre
823 2837 958 2925 praesenti
972 2863 1028 2927 op-

236 2947 309 3013 time
322 2945 509 3026 deliberabis,
531 2948 563 3013 ἃ
585 2946 762 3012 constituesz
792 2946 868 3011 mihi
890 2943 1027 3024 sufficiet,
