2317 3767
214 294 278 361 300
377 292 412 341 c.
437 288 553 341 rrrn.
581 293 844 341 rrrsrornr.

214 436 340 513 theatro,
356 457 417 499 non
430 436 513 501 domi
527 434 687 520 spetiabat,
711 458 767 499 nec
784 436 838 499 illa
856 434 1004 520 exigebat.

215 542 308 606 Audri
333 541 426 626 ipsam
444 542 619 606 cum'mihi
642 544 866 606 commendaret
890 544 1008 626 nepotis

213 646 257 710 sui
282 647 388 723 studia,
402 645 493 711 solere
512 646 540 709 se
565 661 600 711 ut
628 644 787 712 foeminam
809 648 843 710 in
864 647 919 710 illo
943 648 1007 711 otio

214 751 311 829 sexus,
338 754 436 815 laxare
457 753 594 819 animum
614 752 680 818 lusu
698 754 894 829 calculomm,
913 752 1007 816 solere

213 856 342 941 speeiare
366 858 566 941 pantomimos
594 858 681 935 suos,
718 859 766 921 sed
796 879 867 921 curn
888 855 1006 920 factura

213 962 284 1025 effer
294 964 480 1038 alterutrum,
492 961 606 1047 semper
619 962 648 1026 se
663 965 764 1047 nepoti
774 964 826 1029 suo
840 964 1007 1048 praecepiffe

214 1068 318 1144 abiret,
351 1068 550 1153 studentque,
584 1071 665 1153 quod
694 1070 771 1132 mihi
807 1090 870 1132 non
903 1089 1006 1132 amore

214 1173 279 1259 ejus
293 1175 388 1257 magis
402 1171 509 1250 facere,
535 1195 627 1257 quam
652 1175 817 1238 reverentia
835 1175 1004 1243 videbatur,

160 1298 162 1301 ·
216 1277 390 1357 Miraberis,
411 1281 442 1344 δι
461 1301 516 1363 ego
530 1280 656 1344 miratus
666 1278 744 1342 sum.
789 1279 939 1343 Proximis
960 1278 1006 1343 sa-

215 1388 411 1450 cerdotalibus
447 1386 524 1449 ludis
557 1384 709 1470 produdtis
739 1385 771 1447 in
802 1383 1007 1454 commistione

216 1493 420 1575 pantomimis,
449 1511 520 1554 cum
544 1489 633 1554 fimul
660 1492 777 1552 theatro
791 1510 847 1572 ego
865 1491 896 1554 ἃ
918 1489 1007 1574 Qua-

198 1593 317 1662 dratus
339 1598 557 1679 egrederemur,
589 1596 631 1658 ait
650 1596 742 1658 mihi:
777 1596 839 1658 Scis
860 1619 903 1658 me
927 1595 1007 1658 hodie

211 1703 337 1789 primum
357 1700 459 1787 vidiffe
474 1700 632 1786 saltantem
659 1700 736 1766 auiae
754 1700 1008 1767 meaeflibertum?

217 1807 287 1872 Hoc
305 1819 408 1892 nepos.
454 1805 498 1870 At
511 1805 659 1871 Hercule!
687 1805 853 1870 alieniffimi
867 1805 1006 1868 homines

217 1915 250 1977 in
265 1914 409 1987 honorem
426 1913 625 2006 Quadratillae
655 1914 758 1997 (pudet
772 1933 821 1974 me
833 1911 935 1975 dixiffe
949 1911 1007 1975 ho·

92 2006 100 2023 ⁸
217 2039 323 2082 norem
345 2040 398 2103 per
422 2020 600 2082 adulationis
629 2014 774 2096 officium)
804 2019 836 2082 in
858 2019 1008 2081 theatrum

218 2124 405 2201 curfitabant,
423 2126 615 2207 'exultabanu
637 2124 829 2208 plaudebant,
855 2123 1008 2185 miraban-

205 2235 294 2311 ,tur'r'
318 2251 353 2292 ac
374 2230 487 2292 ‘deinde
511 2228 639 2313 singulos
664 2228 759 2312 gestus
785 2229 916 2291 dominae
936 2249 1007 2291 cum

217 2336 339 2400 canticis
353 2337 524 2411 reddebant,
545 2336 597 2419 qui
611 2354 690 2397 nunc
712 2333 894 2418 exiguissima
911 2334 1008 2416 legata

219 2443 372 2506 theatralis
393 2463 491 2526 operae
510 2441 702 2505 corollarium
724 2439 867 2522 accipient
881 2441 921 2501 ab
944 2439 1008 2500 hae·

220 2549 300 2624 rede,
315 2548 368 2632 qui
382 2558 442 2610 non
455 2546 613 2630 spetrabau
659 2543 813 2629 Quorsum
827 2545 909 2607 haec?
938 2544 1010 2626 quia

219 2652 305 2730 soles,
330 2653 437 2736 siquid
450 2652 555 2715 incidit
569 2651 653 2726 novi,
677 2670 738 2712 non
752 2650 863 2713 invitus
885 2649 1007 2712 audire:

120 2827 124 2831 ,
220 2761 327 2824 deinde
341 2759 411 2843 quia
433 2757 604 2842 jucundum
626 2755 666 2817 est
680 2756 767 2831 mihi,
786 2757 866 2838 quod
879 2754 1010 2838 ceperim

217 2868 374 2950 gaudium,
393 2863 546 2928 scribendo
567 2860 735 2924 retradiare.
779 2859 910 2924 Gaudeo
926 2856 1009 2922 enim

219 2973 328 3056 pietate
343 2968 505 3047 defundiae,
526 2968 644 3029 *honore
657 2966 763 3050 optimi
772 2965 909 3049 juvenisz
925 2964 1009 3028 Ἰκι-
