2317 3767
220 230 287 305 432
391 235 425 280 c.
449 232 564 279 curu.
588 232 848 279 enrsrotnu.

222 375 449 439 instrumentum
462 379 500 438 ad
511 377 647 439 incendia
660 373 881 459 compescenda,
902 374 933 451 dc
946 374 1019 437 haec

224 481 345 563 quidem
368 493 402 543 ut
416 481 481 565 jam
492 481 628 565 praecepi,
641 482 831 564 parabantur.
874 477 931 542 Tu
943 480 1018 543 Do·

225 583 306 646 mine
327 584 445 669 dispice,
468 607 507 648 an
521 587 732 649 instituendum
746 597 831 668 putes
853 586 1017 666 collegium

226 685 391 766 fabrorum,
406 692 551 753 duntaxat
571 691 730 753 hominum
746 690 817 754 CL.
842 711 897 771 ego
916 703 1017 751 atten-

226 795 295 857 dam
309 795 439 876 nequis,
469 794 523 856 nisi
544 792 643 881 faber,
661 796 827 877 recipiatur,
857 815 932 855 neve
945 794 1018 876 jure

223 897 356 962 conceiso
380 899 411 961 in
429 899 510 962 aliud
525 911 645 962 utatur:
673 921 726 962 nec
741 900 796 962 erit
815 897 934 961 difficile
947 898 1018 962 cus-

228 1004 322 1067 todire
333 1017 396 1066 tam
406 1024 533 1088 paucos.·

346 1225 455 1281 xL1'11.
500 1231 837 1284 TRAJANUs·P1.1N10
866 1233 894 1275 s·

229 1378 339 1490 Tm
356 1425 478 1509 quidem
492 1422 652 1487 secundum
666 1425 802 1507 exempla
816 1425 1020 1506 complurium

231 1531 262 1594 in
291 1544 423 1595 mentem
451 1530 544 1605 venit,
577 1528 657 1612 poffe
684 1529 843 1610 collegium
863 1525 1022 1590 fabrorum

233 1637 309 1718 apud
329 1632 561 1699 Nicomedenses
582 1633 728 1696 constitui.
772 1632 829 1696 Sed
844 1634 1021 1695 memineri-

234 1762 313 1818 mus,
336 1741 518 1824 provinciam
542 1738 639 1816 istam,
662 1740 692 1802 ἃ
714 1738 858 1821 praecipue
878 1759 929 1799 eas
943 1739 1023 1800 civi-

234 1856 319 1922 tates,
348 1848 386 1908 ab
420 1843 564 1929 ejusmodi
591 1841 772 1907 factionibus
799 1843 855 1906 effe
885 1857 1020 1906 vexatas.

236 1950 445 2035 Qrodcunque
465 1971 587 2026 nomen,
615 1970 652 2010 ex
666 1969 840 2032 quacunque
854 1948 950 2023 causa,
966 1951 1023 2012 de-

235 2057 365 2118 derimus
379 2056 427 2132 iis,
447 2056 498 2138 qui
520 2056 551 2116 in
576 2054 657 2117 idem
671 2054 813 2116 contracti
826 2050 946 2127 fuerint,
964 2054 1022 2115 he-

236 2160 333 2223 taeriae'
353 2160 490 2243 quamvis
523 2161 639 2235 breves,
670 2158 754 2221 fient.
798 2159 896 2220 Satius
921 2158 1024 2241 itaque

235 2265 287 2342 est,
313 2265 479 2348 comparari
505 2285 551 2340 ea,
577 2285 646 2347 quae
670 2266 707 2324 ad
736 2265 910 2325 coercendos
937 2263 1024 2344 ignes

236 2370 348 2436 auxilio
360 2368 543 2452 effepoffint,
565 2369 776 2451 admonerique
789 2368 925 2429 dominos
944 2389 1025 2450 prae-
1046 2391 1049 2394 ⁴

238 2450 372 2551 diorum,
381 2488 413 2538 ut
432 2476 462 2539 δι
476 2474 526 2557 ipfi
538 2475 703 2548 inhibeant,
715 2473 777 2537 acsl
789 2495 833 2539 res
848 2472 1023 2557 poposcerit,

225 2580 361 2671 ,bdoursu
373 2580 474 2665 populi
486 2581 524 2644 ad
537 2580 596 2643 hoc
610 2579 664 2643 uti.
