2317 3767
231 269 291 338 106
352 287 356 292 ’
397 293 431 337 c.
456 291 571 337 reru.
599 289 859 337 errsroerr.

229 434 331 499 minus
353 447 484 518 gratum,
507 435 603 497 alium
624 452 677 516 per
702 446 731 495 te
753 432 880 497 videre‘
909 433 1022 519 Neque

228 541 311 604 enim
325 540 383 603 effe
396 560 563 624 congruens
577 539 714 614 arbitror,
736 559 826 622 quem
841 561 949 624 augere
967 542 1024 606 ho-

230 646 355 710 noribus
375 645 491 729 cupias,
515 646 587 708 huic
611 645 728 728 pietatis
750 645 854 708 titulos
876 646 1021 725 invidere,

229 754 283 837 qui
296 752 364 824 sunt
377 751 518 814 omnibus
529 751 694 815 honoribus
705 751 899 834 pulchriores.
926 750 1024 816 Video

230 858 335 933 etiarn,
360 877 431 920 cum
451 856 485 920 sit
507 858 658 941 egregium
681 857 712 919 ἃ
738 858 846 920 mereri
867 858 1022 935 beneficia,

231 964 262 1027 ἃ
272 965 354 1041 dare,
366 976 522 1047 utramque
533 974 562 1026 te
575 962 698 1026 laudem
712 962 799 1025 srmul
812 961 1022 1039 assecuturum,

231 1068 357 1152 siquod
382 1067 442 1153 ipse
464 1067 606 1145 meruisti,
634 1068 685 1131 alii
709 1068 833 1131 tribuas.
879 1066 1024 1131 Praeterea

232 1175 378 1258 intellige,
407 1174 485 1237 mihi
506 1175 741 1258 quoquegloriae
758 1170 834 1250 sore,
858 1172 879 1236 fi
903 1194 942 1237 ex
966 1174 1025 1236 hoe

232 1291 287 1343 tuo
299 1276 381 1343 faesio
394 1301 456 1343 non
471 1276 562 1343 suerit
576 1280 713 1366 ignotum
727 1280 840 1343 amicos
854 1299 938 1343 meos
961 1300 1024 1343 non

232 1405 333 1470 gerere
349 1398 473 1449 rantum
486 1384 678 1450 Tribunatus
691 1385 782 1470 posse,
809 1406 915 1449 verum
933 1386 1024 1449 etiam

209 1546 212 1550 ,
233 1494 314 1557 dare.
361 1491 464 1576 Qrare
489 1512 545 1576 ego
563 1512 635 1555 vero
656 1489 863 1555 honestiffimae
876 1490 1024 1555 voluntati

234 1610 299 1661 tuae
309 1619 409 1683 pareo.
452 1596 563 1680 Neque
578 1597 661 1659 enim
675 1599 774 1661 adhuc
788 1617 899 1661 nornen
920 1598 952 1659 in
967 1617 1025 1660 nu·

234 1725 333 1766 meros
346 1704 473 1765 relatum
486 1702 539 1766 est0
578 1701 717 1786 'Ideoque
732 1703 861 1766 liberum
875 1701 916 1764 est
938 1702 1034 1775 nobie

235 1807 401 1891 Sylvanum
422 1809 576 1873 inlocum
591 1821 678 1872 tuum
700 1808 842 1872 subdere:
871 1809 919 1872 cui
938 1808 1027 1892 cupio

235 1925 298 1975 tam
312 1926 431 1997 gratum
445 1914 503 1979 effe
513 1934 625 1979 munus
636 1928 735 1989 tuum,
747 1935 839 1998 quam
853 1915 908 1978 tibi
922 1934 1026 1977 meum

234 2017 285 2083 eil.
331 2017 420 2084 Vale.

285 2252 340 2297 1x.
374 2252 408 2297 C·
433 2251 581 2298 PLINIUS
605 2251 826 2298 MINUTIANO
855 2250 921 2295 SUO
944 2251 974 2296 S.

237 2401 401 2513 Possum
412 2445 479 2531 jam
489 2441 664 2528 perscribere
673 2445 895 2528 tibi,quantum
909 2443 1027 2527 mpub·

221 2554 292 2627 ,lica
304 2551 464 2635 provinciae
474 2549 593 2614 Baetieae
606 2549 692 2613 causa
702 2549 811 2614 laboris
825 2547 1025 2613 exhauserim.

235 2655 323 2723 Nam
345 2652 404 2718 suit
424 2654 594 2740 multiplex,
620 2656 744 2740 aeraque
769 2655 809 2718 est
830 2654 935 2740 saepius
956 2675 1028 2719 cum

236 2783 346 2848 magna
360 2762 514 2830 varietate.
552 2761 645 2826 Unde
662 2762 811 2824 varietas?
837 2764 922 2825 unde
927 2762 1028 2845 plures

237 2869 388 2933 aeliones?
414 2865 557 2931 Caecilius
574 2865 732 2943 Classrcus,
758 2869 853 2931 homo
874 2864 975 2931 soedus
996 2867 1028 2930 δι

238 2989 337 3063 aperte
352 2975 461 3049 malus,
490 2970 735 3037 Proconsulatum
750 2973 782 3037 in
801 2995 836 3037 ea
850 2995 912 3038 non
927 2972 1030 3037 minus
