2317 3767
425 276 777 345 rrssrv1.'
900 278 961 368 259

174 438 286 518 causas,
312 453 364 504 aut
387 442 564 518 amicorum,
585 455 637 506 aut
664 441 826 518 destitutas,
853 453 906 505 aut
926 444 964 504 ad

175 547 346 629 exemplum
370 540 558 631 pertinentes.
604 548 673 613 Cur
690 549 877 612 amicorum?
902 570 965 612 non

175 663 242 733 eget
254 636 502 737 interpretatione.
547 653 615 718 Cur
634 653 809 717 destitutas?
838 655 918 739 quod
932 655 964 718 in

176 758 236 821 illis
249 759 382 822 maxime
406 760 437 822 dc
459 758 620 822 constantia
638 760 762 842 agentis,
779 762 810 824 δι
822 761 965 825 humani·

177 877 222 927 tas
235 877 412 928 comeretur.
456 863 709 949 Curpertinentes
720 867 758 929 ad
769 867 941 949 exemplum
952 867 967 942 ἒΔ

176 970 251 1053 quia.
264 972 430 1054 plurimum
454 967 587 1046 referret,
601 972 715 1034 bunum
735 992 775 1045 an
789 973 905 1034 malum
916 972 964 1047 in-¹

176 1078 342 1139 duceretur.
386 1073 438 1138 Ad
448 1075 513 1138 haec
526 1096 583 1158 ego
601 1097 708 1158 genera
717 1074 883 1153 causarum,
898 1098 965 1140 am·

177 1179 281 1244 bitiose
294 1177 423 1257 fortasse,
437 1182 546 1243 addam
560 1192 663 1243 tamen
677 1181 771 1244 claras
784 1183 815 1245 dc
828 1182 963 1246 illustres.

178 1286 317 1372 AEquum
335 1287 418 1349 enim
441 1285 482 1348 est
507 1305 593 1369 agere
611 1306 827 1371 nonnunquam
851 1289 965 1381 gioria,

178 1395 208 1458 ἃ
229 1391 331 1471 famae,
355 1393 441 1456 idest
462 1391 546 1457 suam
566 1388 708 1457 causante
732 1395 789 1457 hos
810 1397 965 1469 terminos,

177 1500 247 1583 quia
269 1521 319 1563 me
346 1499 526 1577 consuluisti,
550 1499 687 1582 dignitati
721 1519 757 1562 ae
781 1499 967 1563 verecundiae

178 1619 239 1668 tuoe
262 1606 366 1669 statuo.
408 1607 479 1671 Nec
497 1627 547 1669 me
568 1605 710 1690 praeterit,
734 1603 821 1668 usum
844 1606 875 1668 δε
897 1603 964 1683 effe,

178 1712 209 1774 dc
223 1711 326 1774 haberi
339 1711 487 1793 optimum
505 1712 622 1774 dicendi
640 1711 824 1796 magistrum.
869 1709 968 1775 Video

178 1817 269 1879 etiarn
285 1817 396 1880 multos
422 1838 513 1898 parvo
534 1818 664 1900 ingenio,
685 1819 778 1881 literis
791 1817 900 1881 nullis:
933 1830 967 1881 ut

177 1923 253 1985 bene
272 1935 393 2006 agerent
415 1925 529 2006 agendo
546 1920 728 2013 cpnsecutos.
772 1921 829 1985 Sed
845 1925 966 1988 &illud

177 2032 257 2112 quod
271 2029 320 2092 vel
335 2027 491 2107 Pollionis,
513 2030 562 2092 vel
584 2042 728 2112 tanquam
751 2027 895 2092 Pollionis
915 2049 965 2092 ac-

176 2135 251 2220 cepi,
291 2135 474 2198 veriffimum
512 2134 658 2217 experior,
695 2135 835 2199 Commode
861 2137 966 2219 agendo

168 2243 284 2326 saelum
298 2245 347 2328 est,
360 2242 477 2328 utsaepe
489 2264 613 2326 agerem,
628 2241 707 2327 saepe
720 2242 836 2324 agendo,
858 2255 892 2305 ut
910 2240 964 2304 mi·

178 2371 230 2410 nus
256 2350 412 2412 commode:
439 2348 510 2431 quia
539 2345 646 2410 scilicet
678 2346 843 2411 affiduitate
870 2347 966 2411 nimia

178 2449 303 2515 facilitas
324 2453 433 2537 magis,
461 2473 553 2537 quam
583 2449 729 2517 facultasz
761 2474 817 2516 nec
843 2452 963 2529 fiducia,

178 2556 226 2619 sed
245 2559 395 2621 temeritas
413 2572 543 2641 paratur.
587 2558 657 2622 Nec
671 2580 742 2623 vero
757 2556 890 2644 isocrati,
904 2579 965 2643 quo

179 2663 279 2723 minus
296 2663 453 2725 haberetur
465 2652 599 2726 summus
611 2675 721 2740 orator,
747 2661 859 2740 offecit,
885 2664 965 2747 quod

178 2766 350 2831 infirmitate
364 2769 457 2845 vocis,
472 2769 596 2832 mollitie
609 2766 729 2845 frontis,
752 2790 790 2830 ne
805 2769 836 2831 in
846 2769 966 2852 publico

177 2873 296 2948 diceret,
312 2872 538 2956 impediebatur.
583 2871 712 2936 Proinde
732 2875 864 2936 multum
889 2875 964 2959 lege,

177 2977 279 3055 scribe,
307 2978 459 3054 meditare,
482 2991 516 3041 ut
529 2977 628 3061 poffis,
653 2999 723 3042 curn
736 2980 820 3042 voles
844 2979 961 3047 dicere:

532 3083 553 3145 S
568 3102 587 3147 2
