2317 3767
393 283 679 330 aruanrr.
888 278 930 348 47

139 437 193 501 nt,
218 446 288 490 cum
304 426 370 512 jam
390 428 506 510 pridem
528 424 673 512 ejusmodi
693 422 798 488 officiis
818 444 930 488 renun-

141 530 252 608 ciasset,
270 531 308 595 fic
325 532 377 595 illo
397 533 456 610 die,
476 554 537 616 quo
549 532 710 595 sacerdotes
724 529 818 594 solent
830 529 930 593 nomi·

141 648 224 713 nare,
244 659 318 722 quos
332 637 515 722 dignissimos
531 637 693 702 sacerdotio
707 636 854 724 judicant,
880 655 930 698 me

141 742 255 827 semper
272 745 458 807 nominabat.
503 745 680 830 Quinetiam
699 744 730 806 in
752 729 809 805 hac
829 740 928 806 novis·

108 926 111 934 Ι
138 851 211 912 sima
224 852 407 928 valetudine,
415 851 538 926 veritus,
553 872 591 913 ne
601 846 678 914 sorte
693 852 769 913 luter
781 849 928 935 quinque·

139 958 220 1019 viros
233 969 392 1032 crearetur,
413 959 464 1040 qui
478 958 648 1020 minuendis
666 957 791 1040 publicis
804 953 928 1039 sumpti·

139 1067 196 1127 bus
214 1062 328 1147 judicio
352 1062 477 1126 Senatus
499 1062 759 1139 constituebantur,
786 1082 857 1125 cum
882 1059 927 1123 illi

138 1182 184 1232 tot
206 1169 296 1231 amici
310 1166 403 1245 senes,
427 1167 645 1253 consularesque
668 1168 853 1253 superessent,
876 1188 926 1231 me

138 1275 231 1359 hujus
241 1274 347 1350 aetatis,
370 1296 422 1359 per
441 1295 531 1359 quem
538 1273 741 1350 excusaretur,
755 1275 854 1358 elegit,
880 1275 927 1338 hie

139 1382 262 1465 quidem
290 1382 409 1443 verbis:
443 1380 562 1466 Etiamſs
577 1380 674 1466 filium
699 1377 840 1455 haberem,
872 1379 929 1442 tibi

137 1490 311 1552 ntandarem.
356 1486 478 1571 Quibus
499 1508 537 1549 ex
550 1486 642 1550 causis
667 1483 779 1548 necesse
797 1483 839 1547 est
858 1497 926 1547 tan-

138 1614 232 1675 quam
256 1593 448 1656 immaturam
479 1606 607 1656 mortem
633 1594 698 1679 ejus
725 1594 757 1656 in
782 1592 846 1655 smu
873 1602 927 1656 tuo

139 1696 286 1760 defleam:
309 1697 441 1761 srtamen
455 1694 501 1761 fas
515 1698 555 1761 est
568 1713 620 1762 aut
633 1699 716 1776 flere,
736 1712 788 1763 aut
800 1699 927 1763 omnino

139 1815 269 1866 mortem
284 1825 399 1881 vocare,
423 1826 481 1890 qua
494 1805 569 1867 tanti
583 1806 640 1867 viri
654 1806 817 1869 mortalitas
831 1807 925 1890 magis

136 1908 235 1986 finita,
262 1931 352 1994 quam
377 1912 438 1974 vita
462 1909 513 1978 est.
559 1909 645 1973 Vivit
666 1913 760 1987 enim,
787 1914 925 1998 vivetque

137 2013 264 2100 semper,
289 2018 480 2101 atqueetiam
503 2017 591 2081 latius
614 2020 644 2079 in
668 2020 812 2081 memoria
824 2021 924 2083 homi·

137 2144 214 2185 num
227 2122 405 2187 &sermone
419 2121 591 2200 versabitur,
613 2124 765 2209 postquam
779 2127 818 2189 ab
830 2127 924 2194 oculis

135 2227 260 2290 recessit.
306 2227 398 2292 Volui
426 2228 486 2311 tibi¹
509 2231 606 2293 multa
627 2231 685 2292 alia
712 2230 846 2306 scribere,
874 2231 924 2304 sed

136 2346 218 2396 totus
244 2335 362 2397 animus
385 2335 417 2397 in
435 2335 491 2397 hac
517 2356 576 2397 una
603 2337 850 2420 contemplatione
871 2339 923 2400 de·

136 2437 216 2500 fixus
229 2439 280 2504 est.
325 2438 499 2523 Virginium
512 2442 621 2523 cogito,
638 2440 809 2525 Virginium
823 2444 922 2519 video,

140 2540 311 2626 Virginium
335 2546 401 2630 jam
426 2547 511 2609 vanis
539 2545 730 2630 imaginibus,
758 2549 924 2612 recentibus

137 2659 239 2712 tamen
250 2652 351 2727 audio,
366 2651 513 2736 alloquor,
528 2664 630 2715 teneo:
655 2653 703 2716 cui
715 2649 831 2718 sortasse
844 2654 924 2717 cives

136 2754 252 2839 aliquos
265 2756 425 2821 virtutibus
443 2778 540 2842 pares,
554 2758 744 2824 &habemus
757 2758 923 2843 &habebi
944 2811 948 2816 .

135 2879 216 2937 mus,
238 2863 335 2946 gloria
348 2863 511 2927 neminem.
557 2862 645 2927 Vale.
