2317 3767
203 282 270 351 260*
365 305 399 350 c.
425 305 539 350 mv.
565 304 829 354 trierem.

201 445 292 521 dices,
317 465 388 508 cum
402 446 479 508 velle
493 448 626 511 debebis.
670 448 741 512 Hoc
762 446 824 511 fere
846 461 994 532 tempera·

201 548 410 634 mentumipse
433 550 557 628 servavi,
581 572 800 636 nonnunquam
819 553 990 628 neoeffitati,

201 676 270 738 quae
282 676 349 739 pars
371 657 493 719 rationis
511 657 563 733 est,
587 658 681 741 parui.
727 657 783 741 Egi
808 660 891 720 enim
905 657 991 743 quas·

201 762 272 824 dam
295 764 313 824 i
339 760 450 824 Senatu
467 762 575 846 juiius,
598 784 659 847 qno
686 776 789 825 tamen
814 763 847 824 in
866 780 994 826 numero

201 863 323 928 fuerunt
348 888 385 930 ex
410 868 461 931 illa
474 867 620 931 Thraseae
636 868 788 944 divisione,
816 868 873 930 hoc
895 867 992 930 estad

201 973 374 1057 exemplum
396 974 584 1056 pertinentes.
632 971 726 1036 Adfui
751 973 870 1037 Baeticis
892 986 994 1035 contra
1127 1024 1130 1028 .

202 1076 340 1140 Baebium
368 1077 514 1141 Maiiam.
559 1078 727 1164 Quaefitum
750 1078 804 1154 est,
828 1099 867 1141 an
896 1080 993 1140 danda

201 1181 446 1267 effetinquisvtioz
470 1185 538 1246 data
552 1184 603 1246 est.
647 1181 744 1246 Adfui
754 1183 864 1258 rursus,
885 1181 989 1259 iisdem

201 1289 393 1372 querentibus
408 1290 445 1350 de
454 1288 581 1354 Caecilio
596 1288 735 1358 Claffico.
759 1287 928 1372 Quaefitum
940 1287 991 1364 est,

202 1414 241 1454 an
254 1394 461 1477 provinciales,
489 1406 523 1459 ut
536 1393 629 1456 socios
644 1391 846 1477 ministrosque
860 1392 992 1456 Procon-

200 1496 281 1574 sulis,
309 1499 398 1581 pleni
413 1499 578 1582 oporteret:
604 1519 710 1583 poenas
732 1500 861 1562 luerunt.
893 1498 992 1563 Accu.

201 1603 261 1667 favi
279 1605 417 1668 Marium
440 1602 584 1679 Priscum,
607 1605 659 1688 qui
679 1604 744 1687 lege
763 1605 992 1687 repetundarum

201 1712 372 1784 damnatus,
410 1710 548 1771 utebatur
580 1709 739 1772 elementia
781 1709 867 1791 legis,
908 1709 992 1793 cujus

202 1814 386 1877 severitatem
411 1813 599 1881 immanitate
626 1814 788 1877 criminum
816 1813 992 1878 exceffemte

202 1920 346 2003 relegatus
356 1918 407 1981 est.
450 1918 568 1987 Tuitus
587 1917 651 1982 sum
665 1919 784 2002 Julium
806 1918 939 1995 Baiium,
959 1932 994 1982 ut

202 2023 411 2087 incustoditum
436 2023 533 2087 nimis·
555 2025 587 2087 ὅτ
607 2024 773 2101 incautum,
799 2025 841 2089 ita
866 2025 992 2087 minime

202 2131 338 2193 malum2
365 2128 516 2213 judicibus
530 2128 655 2213 acceptis
669 2131 701 2192 in
714 2129 822 2194 Senatu
844 2129 1002 2211 remansit„

206 2236 281 2302 Dixi
304 2233 440 2318 proxime
461 2253 515 2316 pro
538 2231 660 2295 Vareno
683 2234 858 2320 postulante,
886 2248 920 2319 ut
941 2233 994 2306 ‚fibi

204 2342 333 2404 invicem
348 2358 454 2401 vocare
478 2337 562 2399 testes
587 2339 702 2403 liceret:
733 2341 926 2423 impetratum
939 2338 990 2407 est.

207 2445 245 2512 In
274 2442 420 2529 posterum
442 2456 525 2527 opto,
551 2456 584 2505 ut
611 2465 646 2507 ea
674 2443 854 2528 potiffimum
872 2445 991 2529 jubear,
1016 2506 1018 2513 ,

204 2574 272 2640 quae
287 2571 336 2613 me
350 2551 452 2613 deceat
464 2549 513 2611 vel
527 2547 627 2653 sponte
638 2547 746 2618 fecisse.
775 2549 879 2616 ·Vale.
