2317 3767
239 275 303 338 442
410 277 444 323 e.
469 279 584 325 reru.
608 278 876 328 orrsroonr.

237 417 332 502 ipsum
358 430 388 481 te
407 431 440 482 ut
461 441 511 483 eas
536 420 701 505 inspiceres,
734 442 795 484 non
820 420 1028 486 recusaverint.
1142 398 1143 475 f

237 523 526 591 Remunmndu‘est
540 527 764 610 igiturprobitas
778 548 896 603 eorum,
910 540 944 593 ut
960 530 1029 612 jam
1142 548 1143 591 t

237 650 318 692 nunc
332 629 423 692 sciant
435 632 505 707 hoc,
532 635 612 716 quod
637 630 819 715 inspediurus
839 654 883 708 es,
905 654 944 696 ex
960 654 1031 699 mea

238 736 403 811 volonute,
430 735 518 803 saluis
539 758 608 821 quae
635 738 747 802 habent
774 737 949 821 privilegiis,
971 737 1030 805 effe

241 835 403 905 fastorum·

344 1072 467 1123 uvtu.
497 1074 530 1119 C·
554 1073 699 1121 uerutus
723 1074 782 1121 TR·
804 1073 884 1117 tMt’.
902 1073 931 1117 S.

240 1221 370 1332 Auru
395 1267 558 1331 aduentum
580 1285 697 1341 meum,
720 1263 866 1341 Domine,
882 1262 1030 1331 Nicome-

238 1370 340 1435 denses
361 1371 452 1454 priori
477 1367 544 1437 foro
570 1391 686 1437 novum
709 1369 836 1454 adjicere
861 1384 1028 1454 coeperunt,

239 1478 328 1565 eujus
350 1480 383 1540 in
404 1477 514 1560 angulo
542 1476 584 1541 est
605 1478 683 1544 aedes
705 1474 894 1539 vetustissima
917 1476 1031 1545 Matris

241 1603 375 1666 magne,
400 1595 452 1647 aut
476 1581 645 1658 reficienda,
671 1594 723 1645 aut
750 1577 965 1656 transferenda,
990 1583 1032 1643 ob

240 1690 298 1753 hoe
312 1687 470 1772 praecipue,
493 1689 574 1771 quod
595 1687 637 1753 est
648 1689 747 1752 multo
768 1685 923 1769 depressior
943 1707 1032 1769 opere

239 1814 288 1870 eo,
311 1796 391 1878 quod
404 1814 485 1859 nune
499 1793 632 1858 maxime
645 1791 746 1876 surgit.
783 1791 850 1875 Ego
862 1812 933 1855 curn
946 1813 1031 1876 quae-

83 1935 86 1943 ,
174 1935 177 1939 .
238 1920 347 1976 rerem,
363 1918 438 1962 num
451 1899 521 1967 effet
534 1899 635 1983 aliqua
646 1899 696 1961 lex
711 1899 790 1965 diua
802 1899 932 1981 templo:
959 1918 1030 1980 cog·

238 2005 322 2081 novi,
344 2004 438 2070 alium
452 2005 515 2083 hic,
542 2004 636 2068 aliurn
662 2006 739 2088 apud
764 2024 819 2066 nos
843 2002 900 2067 effe
914 2023 1031 2067 morem

237 2109 441 2174 dedicationis.
488 2109 609 2193 Dispice
629 2130 701 2193 ergo
723 2109 871 2185 Domine,
894 2130 932 2173 an
945 2122 1032 2192 puteo

237 2202 345 2291 aedem,
374 2216 422 2278 oui
444 2216 528 2278 nulia
542 2217 590 2277 lex
614 2215 694 2277 dieta
718 2213 769 2290 est,
793 2214 873 2276 salva
889 2216 1031 2298 religione

236 2314 316 2402 posse
344 2316 507 2395 transferri,
538 2320 650 2403 alioqui
680 2318 951 2387 commodiffimum
976 2320 1029 2397 est,

237 2422 258 2484 fi
281 2424 385 2508 religio
398 2446 460 2488 non
475 2425 611 2511 impedit.

444 2656 517 2704 ux.
551 2656 608 2703 τι.
627 2656 754 2703 rutulo
778 2657 807 2719 s,

239 2793 376 2916 Porus
402 2849 445 2913 mi
471 2846 605 2917 Secunde
634 2847 789 2924 carissime,
806 2800 875 2916 'fine
901 2847 1033 2917 solicitu-

234 2955 303 3019 dine
319 2953 479 3036 religionis,
503 2954 524 3019 st
543 2954 602 3021 luci
616 2953 721 3039 pofitio
740 2954 858 3021 videtur
871 2954 930 3021 hoe
957 2956 1032 3033 defi-
