2317 3767
212 237 274 328 398
377 255 836 306 c01’L1N.21¹1s101.An.

209 399 343 476 modius,
365 398 414 464 sed
428 413 512 464 tanto
526 401 628 464 minus
642 401 754 465 versus.
799 400 913 485 Cogito
933 422 1010 485 ergo

209 502 592 571 recitatumsfamiliaribus
600 507 716 584 amicis,
724 507 849 592 experiri
859 501 1009 571 libertum

211 632 327 675 meum.
361 611 432 677 Hoc
442 624 565 697 'quoque
576 609 735 689 familiare,
745 615 826 697 quod
837 613 923 696 elegi,
940 633 1007 675 non

210 719 299 795 bene,
322 716 370 780 sed
393 714 502 780 melius
524 716 584 780 scio
603 718 764 796 leffirum,
786 718 923 781 fitamen
940 739 1007 781 non

104 846 106 851 ’
211 819 302 887 fuerit
314 825 513 907 perturbatus.
549 822 601 887 Est
615 815 697 887 enim
713 837 776 887 tam
786 846 883 888 novus
894 824 1002 899 leRor,

211 948 304 1013 quam
322 950 377 1012 ego
398 931 497 1012 pozta.
545 929 611 1013 Ipse
626 928 723 992 nescio
734 930 805 1013 quid
819 928 873 993 illo
886 932 1004 1013 legente

210 1036 331 1100 imen'm
353 1032 475 1110 faciam,
505 1034 622 1098 sedeam
644 1035 760 1106 defixus
781 1037 812 1099 &
834 1048 949 1112 mutus,
971 1035 1003 1098 &

210 1140 314 1204 fimilis
327 1140 437 1204 otiosoz
461 1161 499 1202 an
511 1155 545 1203 ut
556 1140 691 1224 quidam,
702 1161 769 1223 quae
780 1141 1002 1223 pronunciabit,

211 1267 378 1323 murmure,
403 1244 509 1321 oculis,
532 1266 624 1308 manu
647 1245 823 1330 prosequar?
848 1246 907 1308 Sed
928 1260 1004 1329 puto

210 1373 261 1415 me
274 1374 337 1416 non
352 1353 452 1415 minus
467 1353 546 1414 male
560 1349 676 1427 saltare,
686 1372 778 1435 quam
790 1352 896 1434 legere.
937 1347 1002 1414 Ite-

210 1479 280 1522 rum
307 1459 418 1535 dicam,
449 1457 563 1540 explica
591 1455 694 1519 aestum
724 1477 839 1533 meum,
872 1478 1001 1540 vereque

211 1563 351 1627 rescribe:
375 1584 453 1626 num
470 1563 504 1625 fit
525 1562 633 1624 melius
647 1560 767 1644 pesfirne
780 1564 888 1646 legere,
910 1583 1003 1646 quam

210 1670 263 1734 ista
277 1672 326 1733 vel
339 1690 400 1733 non
416 1665 525 1743 facere,
547 1666 597 1730 vel
612 1663 720 1730 facere.
765 1666 853 1731 Vale.

287 1900 404 1947 XXXV·
438 1899 472 1944 C·
497 1898 645 1943 PLINIUS
671 1897 778 1944 OPPIO
804 1897 871 1942 SUO
894 1899 923 1941 80

213 2043 385 2155 Lunum
409 2110 500 2176 quem
516 2090 615 2155 mifisti
628 2091 736 2175 recepi,
757 2091 910 2174 &gratias
924 2111 998 2174 ago:

209 2200 275 2260 sum
289 2209 390 2259 tamen
404 2198 463 2259 hoc
476 2208 610 2280 tempore
628 2195 876 2280 occupatiffimus.
923 2194 1001 2259 Ideo

210 2302 345 2366 nondum
367 2322 438 2364 eum
458 2298 528 2385 legi,
552 2322 622 2364 cum
637 2298 748 2385 alioqui
759 2302 935 2366 validiffime
945 2323 1001 2366 cu·

210 2409 308 2493 piam:
332 2405 380 2469 sed
402 2429 471 2470 eam
494 2408 702 2484 reverentiam,
724 2429 795 2470 cum
812 2408 905 2472 literis
919 2407 999 2492 ipfis‚

209 2532 275 2577 tum
300 2511 412 2597 scriptis
434 2512 495 2574 tuis
520 2514 626 2590 debeo,
654 2526 687 2576 ut
709 2512 822 2576 sumere
848 2514 911 2589 illa,
943 2511 999 2575 nifi

211 2638 307 2683 vacuo
321 2620 434 2695 animo,
451 2617 645 2701 irretigiosum
659 2633 773 2701 putem.
799 2618 1001 2702 Diligentiam

209 2737 293 2789 tuam
307 2724 339 2787 in
353 2724 546 2788 retraRandis
557 2725 696 2808 operibus
710 2724 797 2787 valde
808 2726 911 2807 probo.
947 2723 999 2787 Est

209 2830 310 2895 tamen
335 2830 443 2917 aliquis
464 2830 591 2893 modus:
623 2830 776 2914 primum,
794 2831 873 2914 quod
903 2829 999 2892 nimia

188 2922 282 3000 'cura
306 2935 412 3001 det'erit
433 2935 540 3019 magis,
570 2956 663 3021 quam
686 2937 844 3000 emendat:
877 2935 999 3011 deinde,
