2317 3767
221 264 280 330 108
383 285 422 330 c.v
443 246 556 329 reru.
583 281 844 327 nursroinn.

218 421 293 495 roua
308 428 394 490 nobis
408 409 510 488 tamen
524 426 643 488 nullum
654 437 815 499 certamen,
838 424 923 487 nulla
936 446 1008 512 con-

218 533 330 597 tentio:
359 553 429 595 cum
454 543 577 614 uterque
605 532 668 614 pari
692 530 779 614 jugo,
805 551 866 593 non
888 552 945 614 pro
967 530 1008 605 se,

219 637 268 699 sed
282 658 338 720 pro
358 635 444 700 causa
458 636 610 699 niteretur.
657 634 756 720 Cujus
777 637 808 699 ἃ
822 637 1009 720 magnitudo,

220 746 251 808 &
264 744 376 806 utilitas
391 740 452 805 visa
474 741 514 804 est
538 741 693 824 postulare,
718 762 755 804 ne
769 754 887 804 tantum
913 742 1012 805 oneris

220 849 340 933 singulis
354 848 519 911 actionibus
536 846 713 915 subiremus.
752 846 951 923 Verebamur,
971 869 1011 910 ne

220 976 276 1019 nos
290 958 364 1031 dies,
391 946 515 1030 ne'vox,
542 958 580 1016 n'e
602 955 694 1016 latera
716 952 894 1015 deficerentt
921 953 943 1015 fi
965 965 1011 1016 tot

221 1061 357 1137 crimina,
382 1072 426 1123 tot
440 1081 505 1122 reos
524 1080 587 1121 uno
607 1060 689 1121 velut
709 1055 786 1120 fasce
800 1058 1010 1141 complectere-

221 1161 300 1229 mur.
346 1166 467 1231 Deinde
480 1186 519 1227 ne
535 1165 674 1248 judicum
687 1164 814 1226 intentio
828 1164 932 1225 multis
953 1183 1010 1225 no·

220 1273 354 1335 minibus
367 1269 525 1353 multisque
545 1270 637 1332 causis
660 1290 722 1333 non
742 1268 893 1330 latiaretur
906 1270 1008 1345 mo'do,

220 1371 440 1441 verumetiam
466 1372 705 1438 confunderetur.
751 1374 832 1437 Mox
857 1395 894 1435 ne
917 1375 1012 1456 gratia

180 1479 182 1484 ’
219 1483 402 1567 singulorum
416 1482 534 1556 collata,
553 1492 642 1563 atque
655 1480 804 1564 permista,
823 1501 876 1563 pro
890 1479 1011 1562 singulis

222 1609 340 1674 quoque
354 1589 432 1649 vires
451 1586 587 1649 omnium
605 1586 769 1669 acciperet:
792 1585 949 1669 postremo,
964 1586 1012 1647 'ne

222 1692 411 1781 potentiffrmi
444 1689 584 1753 vilissimo
612 1712 731 1775 quoque
764 1690 844 1775 quafi
871 1691 1012 1774 piaculari

221 1802 304 1875 dato,
319 1797 432 1864 alienis
446 1798 544 1880 poenis
564 1798 760 1859 elaberentur.
806 1795 927 1859 Etenim
944 1810 1019 1859 tum‘

222 1905 356 1968 maxime
370 1899 468 1980 favor,
484 1904 515 1966 &
529 1902 654 1965 ambitio
667 1903 850 1979 dominatur,
872 1924 943 1965 cum
956 1901 1011 1964 sub

221 2001 322 2092 aliqua
335 2007 428 2091 specie
442 2008 603 2072 severitatis
617 2006 783 2071 delitescere
797 2008 900 2091 potest.
938 2007 1012 2071 Erat

220 2114 253 2177 in
278 2112 399 2176 consilio
417 2114 621 2176 Sertorianum
647 2114 723 2176 illud
745 2115 930 2197 exemplum,
958 2116 1011 2196 qui

222 2217 452 2293 robustifflmum
473 2220 504 2282 &
525 2217 758 2282 infirmiffimum
780 2220 908 2282 militem
929 2219 1012 2304 juffit

222 2326 349 2389 caudam
363 2325 450 2407 equi:
471 2324 585 2407 reliqua
598 2323 684 2387 nosti.
723 2323 808 2388 Nam
823 2340 879 2387 nos
892 2346 1012 2409 quoque

223 2442 287 2492 tam
314 2429 507 2492 numerosum
537 2450 645 2511 agmen
673 2451 792 2493 reorum
821 2431 862 2493 ita
886 2413 1012 2493 demum

223 2535 399 2598 videbamus
421 2535 500 2618 poffe
514 2534 659 2619 superare,
683 2536 704 2599 fi
726 2525 1012 2619 per'fingulos'car·

223 2631 352 2725 peretur.
383 2677 389 2704 1·
397 2639 513 2703 Placuit
537 2643 569 2704 in
598 2642 702 2724 primis
723 2640 823 2724 ipsum
848 2624 1011 2706 Clafficum

222 2746 372 2811 ostendere
391 2759 568 2809 nocentem:
596 2748 646 2809 hic
665 2747 828 2829 aptiffimus
854 2749 892 2810 ad
918 2727 1012 2812 socios

221 2845 299 2938 ejue,
322 2854 353 2917 &
367 2851 519 2915 ministros.
528 2852 753 2927 transitus‘erat,
780 2854 850 2936 quia
863 2833 933 2916 socii
952 2854 1012 2915 rni-

222 2959 362 3049 nistrique
384 2958 516 3042 probari,
543 2957 597 3020 nifi
620 2958 673 3021 illo
686 2969 822 3034 nocente,
846 2978 908 3021 non
929 2969 1013 3042 pote·
1068 2954 1075 2964 ‘
