2317 3767
388 275 658 327 ararat.
850 278 913 347 4¹3

128 432 232 498 tatem,
248 421 279 485 in
293 442 353 505 qua
367 420 425 506 ipse
439 420 516 498 sum,
532 421 618 484 nnlla'
629 420 727 483 adhuc
741 420 840 483 venit:
864 417 914 482 sed

129 526 211 589 venit
234 527 404 590 tabellarius
429 526 618 609 sauromata,
649 546 739 609 quem
765 546 821 609 ego
846 524 914 589 usus

128 632 355 713 opportunitate,
375 652 467 714 quam
481 632 556 694 mihi
569 630 653 694 casus
666 631 825 707 obtulerat,
843 650 914 693 cum

127 735 279 798 tabellario
300 736 352 819 qui
378 735 561 819 Lycormam
585 757 623 798 ex
644 736 747 799 itinere
761 735 912 819 praeceffit,

76 910 78 914 Α
127 839 304 902 mittendum
318 841 438 923 putavi:
460 852 493 902 ut
507 839 594 922 pollis
607 861 645 902 ex
660 838 819 924 Lycormae
831 841 862 904 δι
875 860 913 903 ex

126 944 202 1026 regis
221 944 348 1027 epistolis
372 945 480 1027 pariter
500 943 683 1027 cognoscere,
705 966 773 1028 quae
795 929 912 1009 fortalie

126 1049 232 1133 pariter
246 1048 316 1111 scire
330 1051 430 1111 debes.

237 1275 315 1321 xlv.
351 1275 384 1321 C·
412 1275 553 1320 PLINIUS
578 1276 637 1323 ΤΒ.
665 1276 745 1321 IMP.
770 1277 798 1322 8·

128 1424 229 1534 Rex
256 1468 444 1532 Sauromates
466 1467 574 1553 scripsit
593 1468 681 1544 mihi,
703 1467 760 1531 effe
773 1471 909 1553 quadam

125 1596 193 1659 quae
215 1576 336 1637 deberes
360 1594 452 1657 quam
466 1573 659 1637 maturiffime
673 1574 754 1637 scire.
789 1573 910 1658 Qnex

123 1678 209 1742 causa
231 1676 446 1741 festinationem
465 1680 620 1755 tabellarii,
641 1700 732 1763 quem
746 1681 783 1744 ad
798 1693 910 1743 tecum

123 1782 249 1867 epistolis
263 1783 351 1861 misit,
373 1784 534 1867 diplomate
548 1784 661 1868 adjuvi.
717 1840 720 1845 ,

249 2014 313 2060 XV·
347 2014 380 2058 C.
403 2012 550 2058 PLINIUS
570 2013 630 2059 Ta.
652 2014 733 2059 IMP·
753 2015 782 2060 8·

125 2161 300 2271 Lemo
326 2205 510 2269 Sauromatae
531 2204 619 2288 regis,
641 2224 711 2269 cum
732 2203 784 2270 sua
808 2204 909 2291 sponte

122 2311 240 2389 Niceae,
271 2312 323 2374 ubi
347 2333 396 2374 me
419 2312 585 2386 invenerat,
614 2310 705 2374 biduo
731 2309 906 2389 substitisset,

123 2416 287 2498 longiorem
302 2436 419 2479 moram
433 2413 602 2478 faciendam
618 2415 753 2479 Domine
771 2437 832 2479 non
851 2438 908 2501 pu·

122 2521 209 2583 tavit
251 2520 395 2602 primum,
438 2522 519 2603 quod
547 2521 693 2584 incertum
722 2522 820 2584 adhuc
847 2535 909 2585 erat

120 2626 241 2709 quando
263 2625 384 2687 libertus
399 2637 468 2686 tuus
484 2623 648 2708 Lycormas
663 2638 806 2688 venturus
818 2625 905 2689 effet:

119 2729 239 2805 deinde,
276 2730 357 2812 quod
389 2726 447 2811 ipse
475 2727 678 2811 proficiscebar
704 2730 736 2791 in
763 2729 907 2794 diversam

120 2834 280 2918 provinciae
290 2845 414 2918 partem,
426 2834 468 2894 ita
478 2831 567 2900 officii
582 2833 747 2897 neceffitate
760 2835 905 2917 exigente.

121 2936 201 3004 Haec
222 2939 255 3002 in
276 2938 414 3002 notitiam
438 2950 522 3002 tuam
542 2935 716 3020 perferenda
731 2932 906 3026 existimavi,
