2317 3767
235 254 299 319 400
409 256 444 307 c.
469 254 585 306 narn.
610 256 872 305 rarsroarn.

234 398 290 475 tio,
312 398 479 463 mutatione
500 397 561 485 ipsa
586 396 696 462 refeela
717 402 841 483 paulum
860 386 1025 478 redormio,

235 504 306 567 dein
327 506 462 582 ambulo,
484 526 564 569 mox·
581 507 747 569 orationem
769 505 914 571 Graecam
936 505 1028 571 Lati-

236 630 346 673 namve
367 610 445 672 clare
466 611 497 673 &
520 610 644 687 intente,
666 631 727 673 non
747 623 811 673 tam
830 611 913 675 vocis
926 610 1026 688 causa,

236 734 329 800 quam
342 713 486 779 stomachl
499 716 577 799 lego,
601 713 708 799 pariter
729 729 831 779 tamen
845 717 876 780 ἃ
898 717 950 778 illa
972 716 1026 778 fir-

235 832 345 883 matur.
369 819 486 884 Iterum
500 821 638 897 ambulo,
648 838 754 904 ungor,
763 841 912 896 exerceor,
928 821 1025 885 lavor.

237 922 383 990 Coenanti
406 926 483 988 mihi
501 924 539 989 src
558 945 629 988 cum
644 946 735 989 uxore
750 926 799 988 vel
812 926 926 1010 paucis,
947 927 1027 990 liber

236 1032 360 1115 legiturr
392 1030 456 1115 post
483 1050 617 1106 coenam,
650 1031 782 1095 comoedi
811 1043 863 1095 aut
891 1030 1023 1115 lyristes:

237 1158 311 1200 mox
329 1157 402 1200 cum
422 1136 498 1200 meis
514 1137 652 1223 ambulo,
675 1158 804 1220 quorum
817 1157 945 1201 numero
958 1135 1028 1199 sunt

237 1243 355 1306 eruditi.
401 1241 450 1305 Ita
472 1242 561 1307 variis
581 1241 766 1305 sermonibus
788 1240 907 1326 vespera
920 1254 1026 1304 exten-

238 1348 329 1424 ditur,
349 1349 565 1432 &quanquam
579 1345 764 1429 longissimus
777 1347 853 1423 dies,
874 1347 935 1410 cito
949 1367 1026 1410 con·

125 1440 130 1447 ’
238 1453 329 1517 ditur.
384 1449 619 1535 Nonnunquam
644 1471 682 1515 ex
710 1452 768 1514 hoc
792 1453 898 1517 ordine
926 1454 1028 1536 aliqua

238 1569 404 1623 mutantur.
448 1557 535 1620 Nam
560 1555 582 1620 s1
605 1557 658 1618 diu
672 1559 763 1634 tacui,
790 1558 838 1620 vel
857 1558 1025 1633 ambulavi,

237 1662 301 1747 post
314 1662 452 1726 lomnum
467 1665 591 1724 demum
605 1662 835 1746 lettionemque,
856 1683 919 1725 non
937 1664 1025 1739 uehi·

238 1770 318 1846 culo,
345 1767 395 1830 sed
415 1769 496 1851 quod
517 1767 650 1842 brevius,
679 1768 749 1851 quia
773 1768 918 1844 velocius,
948 1788 1028 1852 equo

238 1873 342 1957 gestor.
367 1872 575 1937 Interveniunt
589 1872 677 1935 amici
691 1894 729 1935 ex
742 1873 886 1957 proximis
896 1873 1025 1956 oppidio,

237 1992 412 2063 partemque
440 1979 499 2041 diei
527 1979 566 2040 ad
594 1977 786 2054 letrahunt,
817 1977 1028 2062 interdumque

237 2082 339 2146 laffato
362 2084 450 2160 mihi,
472 2096 639 2167 opportuna
663 2083 899 2166 interpellatione
919 2081 1028 2147 subve-

238 2188 338 2250 niunt.
383 2187 488 2251 Vmor
510 2188 683 2271 aliquando,
705 2185 754 2248 sed
776 2208 838 2250 non
852 2187 912 2249 sme
926 2190 1027 2271 pugil-

239 2294 364 2369 laribus,
386 2295 435 2356 vel
457 2294 595 2377 quamvis
609 2294 687 2355 nihil
700 2293 842 2376 ceperim,
864 2314 926 2356 non
947 2294 1029 2357 nihil

239 2396 377 2463 referam.
424 2397 525 2463 Datur
548 2399 579 2462 δι
605 2398 730 2474 colonis,
752 2411 786 2460 ut
808 2399 926 2462 videtur
947 2398 1028 2482 ipfis,

239 2525 302 2568 non
317 2504 389 2568 satis
405 2505 559 2589 temporis,
581 2524 711 2587 quorum
726 2504 802 2566 mihi
816 2503 939 2587 agrestes
952 2525 1029 2588 que-

238 2613 309 2676 relae
319 2612 421 2675 literas
430 2609 554 2688 nostras,
564 2610 596 2675 δι
606 2609 705 2674 isthaec
716 2612 830 2674 urbana
843 2630 935 2694 opera
941 2630 1028 2674 eorn-

237 2719 394 2788 mendant.
438 2713 533 2779 Vale,
