2317 3767
204 271 249 343 94
368 276 402 322 C·
427 265 831 323 Puru.'ur³lsrouaa.

200 415 252 481 est.
299 415 412 480 Videor
425 437 481 500 ego
495 415 693 481 demonstrare
707 418 763 483 tibi
779 417 859 503 posse
874 415 997 501 Juliunr

202 522 393 590 Genitorem.
431 521 592 588 amatura
606 544 668 600 me,
682 524 800 609 judicio
813 537 915 588 tamen
929 538 1000 587 meo

202 648 267 691 non
285 627 380 692 obstat
403 628 531 692 charitas
556 628 702 706 hominis,
729 652 799 715 quae
823 651 861 693 ex
879 629 1000 716 judicio

201 747 274 798 nota
296 733 355 798 est:
381 735 428 797 vir
451 733 492 797 est
512 736 688 799 emendatus
709 736 741 801 dc
762 737 879 821 gravisz
906 736 998 820 paulo

200 839 293 904 etiarn
317 839 518 905 horridior&
541 840 657 918 durior,
684 856 718 905 ut
739 842 772 905 in
795 843 852 905 hac
876 841 997 905 licentia

201 958 383 1030 temporum.
427 942 589 1029 Quantum
607 945 777 1031 eloquentia
791 949 888 1011 valeat
901 945 996 1031 pluri·

199 1053 257 1115 bus
267 1052 385 1114 credere
401 1065 495 1135 potes.
526 1050 614 1114 Nam
623 1052 741 1116 dicendi
756 1049 881 1116 facultas
894 1065 996 1135 aperta

201 1157 233 1222 dc
247 1156 376 1240 exposita
393 1155 490 1220 statim
497 1158 645 1234 ,cemitun
686 1156 758 1222 Vita
776 1158 937 1222 hominum
949 1159 995 1220 al·

202 1277 249 1328 tos
273 1262 409 1340 recessus,
436 1262 616 1349 magnasque
638 1265 764 1329 latebras
785 1264 887 1339 habet,
910 1263 998 1346 cujus

201 1389 256 1453 pro
267 1367 417 1434 Genitore
442 1390 492 1432 me
517 1368 685 1454 sponsorem
699 1369 809 1454 accipe.
853 1368 945 1432 Nihil
958 1389 997 1432 ex

200 1476 258 1539 hoc
281 1475 348 1538 viro
367 1475 448 1538 filius
474 1489 544 1539 tuus
569 1475 670 1538 audiet
700 1473 754 1538 nisi
781 1471 994 1559 profuturume

200 1583 278 1646 nibil
299 1581 388 1645 discet
412 1582 494 1666 quod
518 1579 638 1645 nescisse
662 1581 772 1645 rectius
798 1576 910 1643 fuerit:
941 1600 997 1643 nec

201 1689 303 1754 minus
322 1685 397 1769 saepe
417 1688 458 1750 ab
479 1686 534 1750 illo
557 1689 682 1772 quami
708 1701 868 1771 te¹meque
890 1688 996 1749 admo-

201 1791 331 1867 nebitur,
355 1791 465 1875 quibus
486 1793 669 1877 imaginibus
683 1807 832 1869 oneretur,
857 1814 925 1878 quae
939 1813 997 1856 no·

201 1898 329 1962 mina&
343 1909 456 1982 quanta
468 1897 617 1964 sustineat.
662 1899 804 1975 Proinde,
824 1896 996 1963 faventibus

200 2004 270 2079 diis,
295 2006 380 2068 trade
403 2024 475 2069 eum
489 2006 674 2091 praeceptori,
702 2007 720 2069 ai
738 2026 799 2092 quo
813 2025 912 2067 mores
933 2004 996 2087 pri·

201 2130 300 2188 mum,
321 2132 394 2176 mox
408 2111 613 2197 eloquentiam
627 2111 736 2177 discat:
763 2131 831 2195 quae
846 2110 924 2173 male
937 2109 997 2173 fine

201 2218 336 2281 moribus
346 2217 476 2282 discitur.
523 2216 612 2282 Vale.

265 2450 324 2498 1v.
359 2450 394 2498 C·
421 2448 569 2496 PLINIUS
595 2447 769 2496 MACRINO
796 2447 863 2496 SUO
890 2448 918 2491 8.

203 2593 417 2728 Quamvis
434 2643 466 2707 dc
478 2643 566 2706 amici
577 2663 653 2728 quoa
664 2641 821 2727 praesentes
834 2644 995 2717 habebam,

198 2746 398 2813 &sermones
418 2749 580 2814 hominum
605 2745 721 2813 nuum
741 2769 844 2813 meum
858 2769 997 2833 compro·

200 2854 280 2919 basse
294 2857 462 2932 videantur,
483 2856 585 2940 magni
599 2869 701 2920 tamen
714 2855 828 2919 aestimo
841 2853 914 2918 scire
923 2854 996 2939 quid

201 2960 307 3026 sentias
331 2976 376 3027 tu.
427 2960 514 3027 Nam
538 2961 625 3046 cujus
646 2961 762 3044 integra
784 2981 816 3024 re
842 2959 997 3025 consilium
