2317 3767
419 284 612 335 utut-:tt
657 287 694 334 V·

296 554 356 599 XX·
385 555 419 600 C·
440 555 588 600 PLINIUS
613 551 706 601 URSO
725 552 794 599 tuo
817 552 848 597 Β.

176 699 331 811 Irrnuu
357 747 479 832 Bithyni
508 747 570 832 post
596 749 686 811 breve
698 759 817 832 tempto
840 747 860 810 ἰ
880 746 965 829 Julio

175 849 301 915 Basso&
317 850 437 916 Rufum
452 852 608 917 Varenum
623 852 834 916 Proconsukm
847 854 962 916 detule⁴

175 971 265 1021 runt:
291 955 457 1033 Varenum,
475 979 565 1040 quem
586 979 680 1041 nuper
693 956 830 1022 adversus
844 957 966 1023 Baffum

176 1064 366 1137 advocatum,
380 1063 411 1125 &
425 1061 615 1144 postularant,
630 1063 661 1126 dt
686 1077 870 1147 accepemt·
910 1062 965 1128 ln·

176 1167 259 1229 nutu
270 1167 301 1228 in
318 1165 471 1242 Senatum,
493 1166 708 1250 inquisitionem
721 1167 964 1250 postulavenmt3

175 1284 243 1335 turn
260 1271 397 1335 Varenus
418 1272 502 1355 petit,
528 1284 562 1333 ut
586 1270 639 1335 fibi
658 1293 778 1356 quoque
791 1269 966 1337 defurfionir

175 1376 262 1441 causa
282 1397 405 1441 evocare
426 1377 510 1441 testes
525 1378 636 1440 liceret.
681 1374 898 1440 Recusantibus
912 1378 971 1442 Bi-·

177 1484 289 1565 tinnis,
311 1484 441 1567 cognitio
450 1482 580 1567 susceptu
599 1481 650 1547 est.
696 1480 755 1565 Egi
766 1501 822 1564 ego
835 1502 889 1565 pto
902 1481 967 1546 Va-

178 1608 252 1650 reno
272 1609 334 1651 non
347 1589 407 1651 fine
420 1603 538 1653 eventu.
582 1588 669 1653 Nam
682 1590 812 1652 bernean
826 1587 916 1663 male,
930 1587 970 1649 li.

178 1694 232 1757 ber
242 1692 395 1755 indicabit.
441 1693 480 1756 In
493 1695 660 1758 adiionibus
674 1695 756 1757 enim
771 1696 926 1777 utrumque
936 1692 969 1755 in

177 1810 294 1878 partem
302 1793 421 1861 fortuna
429 1799 610 1861 dominatur:
634 1800 765 1862 multum
776 1801 969 1862 commenda·

179 1901 269 1967 tionis
283 1902 314 1964 &
326 1902 454 1965 detrahit
463 1905 493 1967 ἃ
502 1900 598 1965 adfert
607 1904 765 1979 memoria,
780 1904 970 1988 vox‚geihn,=

176 2019 296 2090 tempus
310 2005 425 2090 ipsum:
453 2007 601 2090 postremo
614 2009 663 2071 vel
677 2029 774 2085 amor,
803 2010 852 2072 vel
865 2012 969 2074 odium

176 2115 230 2178 rei.
276 2113 370 2178 Liber
383 2112 512 2189 offenfis,
525 2114 601 2177 liber
613 2115 718 2198 gratia,
734 2115 810 2180 liber
822 2116 852 2180 dt
866 2115 970 2181 secun-

101 2278 104 2286 .
178 2219 224 2283 dis
239 2220 352 2285 casrbus
377 2222 407 2283 ἃ
427 2219 552 2284 adverfis
570 2231 662 2283 caret.
706 2219 872 2304 Respondit
892 2224 970 2287 mini

107 2314 116 2331 '¹
180 2323 324 2408 Fontejus
344 2324 481 2408 Magius,
512 2347 590 2388 unus
608 2346 646 2389 ex
669 2324 818 2413 Bithynia,
833 2324 970 2412 plurimis

180 2430 289 2506 verbis,
311 2430 488 2514 puuciffimis
517 2433 620 2496 rebusr
669 2430 746 2495 Mos
767 2431 807 2495 est
827 2433 970 2518 plerisque

181 2535 370 2613 Graecorum,
394 2549 427 2600 ut
446 2538 512 2605 illis
535 2538 570 2599 s1t
599 2559 653 2622 pro
673 2537 759 2621 copia
778 2537 969 2600 volubilitas:

179 2652 243 2706 tam
262 2644 378 2725 longas,
399 2655 521 2726 tamque
545 2643 653 2725 rigidas
677 2643 814 2728 periodos
836 2662 898 2705 uno
910 2641 971 2725 spir

141 2740 143 2746 ¹
179 2748 238 2813 ritu
263 2748 344 2832 quast
371 2762 499 2811 torrente
526 2759 734 2831 contorquent.
794 2745 842 2809 Ita
869 2745 971 2828 Julius

180 2853 340 2923 Candidus
359 2873 420 2915 non
443 2852 597 2916 invenuste
614 2852 687 2917 solet
700 2853 808 2926 dicere,
829 2850 912 2913 aliud
921 2851 972 2937 ff

177 2958 371 3045 eloquentiam,
386 2957 469 3021 aliud
481 2957 659 3042 loquentiam.
702 2957 790 3023 Nam
804 2957 972 3040 eloquentia
