2317 3767
206 206 267 292 378
399 226 845 274 c.rr1u.rrrsroeur.

269 485 390 539 xvrrr'.
428 492 460 537 c.
487 492 630 537 fermus
657 492 790 538 sueino
816 494 883 539 suo
905 486 955 538 ss

207 638 321 768 Qun
354 684 529 759 intentione,
558 707 619 769 quo
642 685 748 763 studio,
783 708 842 770 qua
870 687 1000 770 denique

205 790 351 853 memoria
372 791 476 873 legeris
498 792 616 854 libellos
638 813 732 868 meos,
753 791 872 875 epistola
885 806 937 855 tua
950 790 999 854 os-

203 896 309 957 tendit.
357 895 422 979 Ipse
437 897 526 979 igitur
539 897 662 959 exhibes
677 899 830 980 negotium
850 898 925 973 tibi,
944 898 998 981 qui

205 1001 287 1063 elicis
305 1003 338 1064 δι’
351 1002 472 1077 invitas,
493 1011 527 1064 ut
537 1003 758 1087 quamplurima
777 1002 999 1065 communicare

206 1121 306 1170 tecum
325 1108 429 1170 velim.
470 1106 609 1183 Faciam,
634 1129 685 1190 per
709 1119 806 1190 partes
829 1120 942 1182 tamen,
967 1107 998 1171 &

206 1214 286 1297 quast
311 1213 429 1296 digesta,
457 1234 496 1275 ne
517 1212 602 1275 istam
623 1211 716 1296 ipsam
739 1212 928 1288 memoriam,
947 1214 997 1276 cui

206 1320 313 1403 gratias
342 1314 409 1402 ago,
430 1317 593 1380 affiduitate
611 1320 642 1381 δι
664 1319 749 1402 copia
771 1319 900 1394 turbem,
924 1339 999 1380 one·

206 1436 361 1508 ratamque
385 1426 415 1487 &
439 1422 520 1506 quast
542 1423 706 1507 oppreffam
729 1433 834 1506 cogam
862 1424 998 1507 pluribus

206 1528 329 1612 ringula,
345 1528 550 1613 posterioribus
565 1529 663 1612 priora
680 1530 839 1592 dimittere.
886 1528 973 1593 Vale.

279 1759 354 1803 xrx.
397 1759 430 1803 c.
459 1735 603 1803 mimus
632 1758 768 1803 norom
802 1757 867 1801 suo
895 1759 923 1802 e.

213 1903 444 2018 Srourrrcus
473 1951 571 2035 legisse
596 1965 626 2015 te
651 1953 683 2013 in
713 1953 842 2035 quadam
878 1950 997 2035 epistola

205 2079 284 2134 mea,
291 2058 574 2142 juiirffeVirginium
585 2054 704 2121 Rufum
717 2055 834 2120 inscribi
845 2056 998 2141 sepulchro

203 2163 269 2237 ¹suo,

226 2268 289 2333 Hic
288 2268 365 2354 sttus
378 2271 416 2354 est
431 2267 538 2353 Rufus,
550 2268 630 2354 puffo
644 2267 697 2351 qui
710 2268 825 2332 Vindice
834 2270 969 2352 quondam

268 2373 420 2460 Imperium
434 2374 560 2460 efferari,
576 2397 629 2437 non
639 2372 901 2459 fibi,sedpatriae.
975 2428 978 2433 .

206 2480 421 2564 Reprehendis,
443 2481 523 2564 quod
543 2478 669 2563 jufferit,
692 2481 775 2541 addis
798 2473 900 2556 etiam,
931 2501 996 2542 me·

205 2588 274 2662 lius,
295 2583 458 2669 retiiusque
484 2584 675 2669 Frontinum,
696 2588 776 2669 quod
790 2587 916 2648 vetuerit
929 2607 997 2649 om-

205 2693 278 2756 nino
292 2691 513 2770 monimentum
537 2690 591 2753 srbi
614 2691 694 2753 fieri:
722 2712 829 2776 meque
845 2694 883 2753 ad
898 2703 995 2754 extre·

205 2819 302 2874 mum,
346 2797 417 2882 quid
449 2798 491 2858 de.
525 2805 651 2879 utroque
685 2786 834 2872 sentiam,
856 2797 992 2861 consulis.

206 2904 377 2986 Utrumque
395 2902 496 2965 dilexi.
541 2900 674 2965 Miratus
695 2900 761 2965 sum
789 2902 883 2986 magis
906 2922 997 2987 quem
