2317 3767
229 264 290 351 298
386 283 420 331 c.
446 283 561 331 reru.
587 283 852 335 errsroean.

292 551 389 597 xxrl.
421 551 456 598 C·
474 552 622 597 PLINIUS
641 552 803 602 meon!
829 549 896 599 SUO
925 552 956 597 8.

231 694 387 805 Mruus
411 742 577 819 miraberis,
603 757 730 807 metam
745 743 884 806 instanter
905 743 1017 830 petisse,

228 858 263 908 ut
286 846 318 911 in
348 846 479 910 amicum
498 869 602 911 meum
625 847 773 913 conferres
795 848 1017 925 Tribunatum,

227 971 298 1013 cum
312 951 420 1028 scieris,
446 955 512 1037 quis
534 955 597 1030 ille,
620 954 782 1039 qualisque.
828 954 950 1018 Posl'um
965 973 1018 1019 au-

228 1067 290 1118 tem
299 1060 365 1141 jam
378 1058 434 1120 tibi
459 1060 489 1123 ἃ
511 1080 622 1122 nomen
636 1061 778 1136 indicare,
804 1061 835 1124 δι
859 1060 1020 1126 describere

227 1161 334 1246 ipsum,
350 1163 503 1247 postquam
518 1165 676 1248 polliceris.
709 1165 760 1229 Est
775 1165 935 1230 Cornelius
949 1165 1017 1230 Mi-

226 1270 380 1344 nutianus,
396 1282 608 1335 ornamentum
622 1271 750 1354 regionis
765 1293 853 1347 meae,
880 1269 930 1334 seu
952 1272 1017 1355 dig-

226 1376 318 1438 nitate
342 1373 391 1437 scu
413 1375 562 1439 moribusr
584 1390 671 1439 natus
696 1376 858 1460 splendide,
882 1379 1016 1443 abundat

162 1534 165 1539 .
226 1479 430 1556 facultatibus,
455 1493 537 1544 amat
558 1481 663 1558 studia,
680 1494 713 1545 ut
740 1480 834 1545 solent
860 1504 1015 1566 pauperes.

228 1587 316 1652 Idem
330 1586 620 1671 rediiffimusjudex,
644 1584 817 1650 fortissimus
841 1590 1014 1665 advocatus,

224 1691 407 1759 fideliffimus
430 1693 556 1756 amicus.
600 1691 752 1776 Accepisse
779 1704 809 1755 te
834 1692 1016 1759 beneficium

225 1801 338 1874 credes,
363 1820 434 1862 cum
454 1799 574 1882 propius
594 1796 750 1881 inspexeris
765 1798 920 1861 hominem
945 1819 1015 1861 om-

224 1906 312 1971 nibus
326 1905 501 1979 honoribus,
515 1905 657 1968 omnibus
671 1903 764 1967 titulis
776 1903 864 1986 (nihil
877 1905 946 1967 volo
953 1906 1016 1967 ela·

222 2009 282 2072 tius
296 2012 333 2072 de
346 2009 553 2073 modestissimo
564 2010 629 2072 viro
641 2005 749 2087 dicere)
763 2029 875 2091 parem.
903 2008 991 2073 Vale.

235 2237 348 2282 xx111.
374 2238 407 2281 C·
430 2238 577 2283 PLINIUS
604 2238 752 2284 FABATO
782 2236 994 2284 PROSOCERO

554 2343 623 2390 SUO
648 2344 676 2387 S.

224 2489 409 2605 Gnuneo
424 2536 545 2620 quidem
559 2535 616 2599 esse
632 2550 661 2600 te
675 2549 739 2600 tam
751 2536 872 2615 fortem,
889 2550 923 2601 ut
937 2536 1011 2603 Mc·

108 2701 112 2705 ,
184 2721 187 2727 1
220 2643 333 2707 diolani
353 2661 504 2704 occurrere
523 2639 645 2726 Tyroni
665 2643 765 2726 poffis.
812 2644 870 2707 Sed
892 2656 925 2705 ut
942 2663 1011 2725 per·

219 2747 332 2812 severes
346 2746 479 2810 effetam
497 2743 595 2822 sortis,
615 2768 699 2831 rogo,
723 2761 755 2810 ut
769 2749 824 2811 tibi
839 2762 941 2812 contra
960 2769 1008 2811 ra·

217 2854 331 2917 tionem
342 2851 565 2915 aetatistantum
585 2852 694 2914 laboris
712 2854 860 2938 injungas.
906 2851 1009 2936 Quin-

218 2959 316 3024 immo
336 2955 495 3032 denuncio,
524 2967 557 3018 ut
586 2957 674 3020 illum
703 2959 734 3022 ἀ
762 2959 858 3036 domi,
880 2958 1012 3022 &intra
