2317 3767
447 302 723 352 ntnnnv.
917 302 978 372 203

71 494 73 499 ι
155 507 157 511 .
186 447 328 523 imane,
348 444 538 511 nsoronbus.
583 444 675 512 Nihil
696 442 749 508 ista
769 444 808 506 ad
822 455 976 510 mortuum

187 553 346 638 pertinent,
376 549 426 615 sed
453 552 671 636 pertinuerunt,
706 571 779 614 cum
799 562 973 614 moreretur.

189 658 340 723 Pertinent
364 646 402 720 ad
422 658 491 736 hos,
514 657 566 742 qui
584 654 746 740 supersunt.
765 666 768 673 ’
789 654 874 738 Jam,
896 658 976 740 quod

187 767 219 828 in
241 764 313 828 flore
327 765 425 849 primo
448 776 539 828 tantoe
560 763 669 826 indolis
685 761 808 846 juvenis
829 761 977 827 extinctus

184 871 236 948 est,
259 870 376 934 summa
390 868 611 945 consecuturus,
625 867 647 932 fi
660 868 784 931 virtutes
798 867 862 953 ejus
876 881 975 932 matu-

184 974 315 1039 ruiffcnt.
359 975 435 1059 Qio
448 975 498 1037 ille
511 974 675 1038 studiorum
688 994 791 1037 amore
811 973 973 1058 flagrabat?

183 1096 331 1167 quantum
354 1081 446 1163 legit?
473 1090 620 1162 quantum
641 1079 732 1142 ctiam
749 1077 880 1163 scripfiti
905 1099 976 1163 quae

183 1206 266 1249 nunc
293 1185 397 1248 omnia
422 1204 492 1246 cum
511 1180 577 1266 ipso
601 1183 659 1245 fine
681 1181 782 1247 fructu
802 1182 975 1267 posteritatiz

183 1301 334 1353 aruerunt.
381 1288 439 1351 Sed
461 1288 534 1373 quid
555 1308 612 1372 ego
632 1288 773 1370 indulgeo
787 1290 901 1352 dolori?
925 1290 974 1353 cui

181 1394 203 1458 fi
225 1392 326 1459 frenos
340 1394 485 1471 remittas,
507 1395 593 1456 nulla
615 1393 739 1457 macena
761 1414 822 1457 non
842 1395 974 1459 maxima

183 1500 234 1565 est.
279 1501 388 1572 Finem
409 1498 539 1583 epistolae
560 1495 683 1577 faciam,
705 1511 739 1562 ut
759 1493 855 1562 facere
867 1497 973 1582 possim

183 1606 273 1671 ctiam
286 1596 436 1691 lacrymis,
458 1627 532 1690 quas
545 1605 665 1693 epistola
678 1602 824 1690 cxprcssit.
869 1602 957 1668 Vale.

256 1838 291 1882 Χ.
324 1838 357 1882 C.
386 1838 533 1884 PLINIUS
556 1834 753 1883 ANTONINO
778 1835 845 1881 SUO
867 1834 896 1879 8.

183 1980 295 2096 CUM
308 2029 408 2093 versus
415 2042 483 2093 tuos
493 2030 632 2105 aemulor,
646 2041 713 2093 tum
724 2028 868 2107 maxime,
877 2050 968 2117 quam

178 2134 233 2198 fint
245 2136 329 2212 boni,
342 2136 485 2219 experior.
514 2137 561 2201 Ut
570 2136 651 2198 enim
662 2135 788 2219 piciorcc
798 2136 966 2219 pulchram,

177 2239 400 2327 absolutamque
422 2238 530 2305 facicm
545 2262 623 2319 raro,
649 2240 702 2304 nisi
722 2243 755 2305 in
774 2243 858 2329 pejus
878 2241 967 2307 effin-

176 2360 270 2427 gunt=
293 2348 335 2412 ita
357 2368 413 2430 ego
434 2349 473 2411 ab
497 2348 555 2410 hoc
574 2348 732 2432 archetypo
747 2348 895 2414 laboro&
914 2350 966 2411 de-

157 2440 162 2449 ’
177 2450 255 2512 cido.
289 2449 363 2535 Qo
376 2451 471 2536 magis
484 2453 599 2528 hortor,
615 2465 649 2515 ut
662 2454 883 2537 quamplurima
895 2474 965 2538 pro·

176 2551 264 2631 feras,
287 2577 355 2640 quae
375 2559 487 2621 imitari
510 2578 617 2622 omnes
635 2557 851 2644 concupiscant,
874 2576 965 2621 nemo

175 2673 228 2724 aut
239 2660 402 2745 paucissimi
420 2662 537 2747 posint.
583 2662 672 2730 Vale.
