2317 3767
414 288 678 337 uiuum.
910 291 950 359 39

158 432 231 515 quia
254 443 371 496 tantum
393 445 539 516 quantum
564 454 632 517 ego,
654 432 750 516 sapis:
780 451 952 517 quanquam

159 538 219 599 hoc
232 558 350 622 quoque
372 538 505 601 multum
519 536 571 601 est.
616 536 740 604 omiffis
751 537 840 622 jocis,
863 540 953 601 credo

86 667 88 669 ·
158 643 295 705 decentes
309 641 367 706 effe
376 643 485 719 servos,
498 645 550 728 qui
564 643 631 707 sunt
641 643 733 728 empti
745 644 820 706 mihi
831 665 869 707 ex
879 665 951 707 con·

156 748 222 811 silio
235 761 309 813 tuo:
333 747 458 833 superest
472 761 506 812 ut
519 746 600 833 frugi
614 748 686 811 fint:
713 751 793 833 quod
807 751 845 813 de
859 769 951 812 vena-

158 849 251 930 libus,
282 854 392 918 melius
413 854 546 933 auribus,
572 876 664 940 quam
674 855 768 919 oculis
788 855 949 940 judicatur.

160 958 251 1023 Vale.

203 1186 306 1236 xxm
345 1185 378 1236 c.
406 1191 553 1237 mutus
581 1186 738 1238 emmo
767 1177 909 1239 suvhio

489 1300 556 1344 suo
588 1300 618 1341 s.

24 1547 27 1551 ,
159 1441 259 1554 Dw
269 1492 337 1577 jam
351 1494 384 1555 in
398 1494 472 1557 urbe
486 1495 596 1568 haereo,
612 1493 643 1556 δι
661 1491 784 1576 quidem
798 1488 949 1552 attonitus.

162 1590 319 1662 Perturbat
338 1619 387 1662 mc
413 1602 503 1683 longa
523 1601 553 1663 ἃ
575 1599 710 1683 pertinax
728 1596 869 1659 valetudo
882 1592 952 1657 Titi

157 1691 320 1781 Aristonis,
342 1726 433 1790 quem
447 1699 631 1788 fingulariter
652 1708 683 1767 &
697 1703 833 1766 miror&
847 1700 949 1783 diligo.

161 1801 254 1872 Nihil
274 1809 408 1873 estenim
431 1808 483 1873 illo
506 1810 636 1893 gravius,
658 1807 797 1882 santiius,
822 1805 950 1883 dottius,

160 1916 292 1990 utmihi
312 1936 375 1979 non
397 1937 477 1979 unus
491 1915 586 1978 homo
606 1914 654 1977 sed
683 1915 776 1977 literae
798 1910 859 1995 ipse
883 1933 951 1976 om-

160 2015 269 2106 nesque
292 2023 381 2085 bonae
402 2035 479 2085 artes
504 2015 537 2083 in
564 2040 627 2084 uno
653 2020 776 2083 homine
800 2018 952 2082 summum

158 2127 325 2209 periculum
337 2121 418 2190 adire
433 2127 601 2190 videantur.
647 2125 751 2211 Quam
769 2123 881 2209 peritus
902 2124 952 2189 ille

160 2235 191 2294 δι
218 2227 326 2315 privati
349 2233 428 2317 juris
446 2234 477 2297 &
501 2232 633 2316 publici?
663 2229 811 2317 quantum
832 2233 950 2294 rerum?

159 2351 308 2423 quantum
335 2338 562 2422 exemplorum?
594 2351 741 2423 quantum
771 2336 953 2420 antiquitatis

159 2444 260 2505 tenet?
278 2440 355 2506 nihil
364 2443 416 2521 est,
431 2446 512 2529 quod
524 2442 632 2506 discere
643 2443 729 2519 velis,
744 2444 825 2526 quod
833 2442 884 2505 ille
898 2445 952 2506 do-

162 2568 226 2611 cere
250 2570 312 2614 non
334 2549 430 2634 poffit.
481 2549 566 2612 Mihi
589 2561 678 2624 certe,
705 2547 820 2631 quoties
842 2547 953 2632 aliquid

162 2653 298 2718 abditum
312 2677 425 2740 quaero,
441 2655 492 2718 ille
508 2653 661 2718 thesaurus
671 2652 722 2715 esi.
756 2652 829 2735 Jam
842 2665 954 2737 quanta

159 2760 345 2826 sermonibus
354 2762 419 2847 ejus
429 2762 523 2825 fides?
540 2769 659 2845 'quanta
668 2760 846 2823 authoritas?
863 2778 955 2842 quam

159 2867 254 2952 preiia
266 2870 298 2932 δε
316 2870 422 2932 decora
437 2868 607 2932 cunhtatio?
623 2867 705 2952 ‚quid
726 2866 778 2942 est,
800 2865 881 2949 quod
894 2884 956 2929 non

158 2973 258 3037 statim
272 2973 343 3042 sciat
352 2975 369 3035 i·
378 2975 408 3038 δι
418 2987 520 3038 tamen
533 2976 708 3059 plerumque
723 2971 847 3050 haefitat,
866 2967 957 3037 dubi'-

535 3074 568 3145 D
590 3097 612 3157 4
