2317 3767
186 295 249 360 214
346 294 817 349 c.rt1u.ua1sroraa.

186 441 288 520 timor,
308 465 400 528 quam
421 442 530 509 fiducia
543 444 636 507 decet.
681 444 734 508 Ne
748 446 847 528 plura,
870 445 980 530 (quan-

186 567 277 631 quam
292 550 365 612 libet
378 551 474 633 plura,
498 571 559 635 quo
572 548 640 613 lunt
654 549 823 633 pulchriora
841 552 879 614 tle
889 552 980 636 juve·

185 676 235 731 ne,
259 656 370 720 rariora
394 658 431 719 de
453 653 560 736 nobili)
587 658 757 722 recitatione
775 658 872 734 finita,
898 660 983 721 mul-

184 773 251 823 tum
276 782 310 824 ac
332 763 384 825 diu
403 761 838 840 exosculatusadolelcentem,
864 765 916 848 qui
939 763 980 827 est

184 868 345 931 acerrimus
359 868 495 931 stimulus
509 871 664 946 monendi,
690 871 830 932 laudibus
845 870 979 950 incitavi,

178 987 321 1058 pergeret,
344 998 400 1059 qua
415 975 544 1061 coeprffit,
561 977 702 1060 lumenque
713 978 787 1060 quod
785 975 849 1060 fibi
861 975 979 1060 majores

174 1077 229 1160 sui
237 1080 434 1166 praetulifflnt,
448 1081 566 1167 posteris
581 1080 643 1166 effic
651 1082 816 1168 preferret.
861 1080 978 1146 Gratu-

185 1183 263 1246 latus
283 1183 348 1247 sum
367 1187 491 1269 optimae
512 1188 613 1263 matri,
639 1188 803 1269 gratulatus
828 1186 859 1249 &
881 1181 976 1262 fratri,

184 1292 235 1373 qul
257 1311 295 1352 ex
310 1293 457 1354 auditorio
472 1293 524 1354 illo
538 1311 599 1354 non
615 1293 762 1354 minorem
781 1290 898 1374 pietatis
911 1291 976 1375 glo-

185 1395 273 1471 riam,
297 1418 389 1480 quam
411 1398 461 1458 ille
476 1397 550 1458 alter
570 1397 747 1480 eloquentiae
766 1396 845 1460 tulit.
889 1394 977 1461 Tam

184 1503 355 1566 notabiliter
374 1524 429 1585 pro
450 1498 541 1563 fratre
562 1503 703 1564 recitante
725 1501 858 1583 primum
879 1514 978 1565 metus

184 1608 259 1691 ejus,
281 1629 353 1670 mox
376 1607 520 1689 gaudium
542 1607 681 1669 eminuit.
718 1606 787 1670 Dii.
798 1603 921 1683 faciant,
944 1621 980 1672 ut

184 1713 255 1775 talia
269 1714 323 1775 tibi
336 1712 441 1796 saepius
455 1713 609 1776 nuntiem.
655 1711 756 1777 Faveo
770 1712 852 1776 enim
867 1712 977 1791 secedo,

183 1839 222 1881 ne
244 1819 278 1881 fit
302 1816 448 1882 sterile&
473 1816 634 1883 effoetumt
657 1819 791 1902 mireque
812 1819 912 1902 euplo,
939 1840 978 1882 ne

183 1923 299 1986 nobiles
312 1924 401 1988 nostri
427 1925 505 1988 nihil
518 1925 550 1987 in
569 1926 721 1988 domibus.
731 1923 791 1988 suis
803 1925 975 2007 pulchrum,
1050 1998 1054 2002 ,

183 2028 236 2090 nisi
251 2029 394 2115 imagines
408 2032 556 2095 habeant:
573 2050 641 2121 quae
652 2051 733 2097 nune
747 2030 824 2093 mihi
834 2031 890 2093 hos
904 2032 977 2093 ado·

183 2134 322 2198 lescentes
336 2137 424 2198 tacite
437 2137 571 2212 laudare,
595 2136 757 2213 adhortari,
772 2137 804 2200 &
817 2137 897 2220 quod
911 2154 977 2198 am-

184 2241 291 2302 borum
314 2242 417 2323 gloriae
436 2240 504 2305 satis
527 2262 673 2327 magnum
687 2241 739 2319 est,
762 2240 916 2327 agnoscere
930 2241 977 2303 vi.

184 2346 302 2413 dentur.
349 2346 438 2415 vale.

187 2594 190 2598 ·
248 2576 374 2626 xv111.
407 2580 440 2627 C»
464 2579 612 2629 tunsus
637 2577 768 2624 Macuo
791 2577 858 2624 SUO
881 2578 910 2622 S.

183 2728 300 2840 Brun
328 2772 369 2834 est
394 2772 481 2849 mihi,
505 2772 576 2859 quia
600 2772 656 2834 tibi
675 2772 751 2834 bene
776 2771 827 2835 est.
872 2770 976 2836 Habes

182 2900 307 2942 uxorem
327 2891 441 2954 tecum,
466 2879 560 2940 habes
585 2876 695 2940 tilium.
741 2876 861 2942 Frueris
886 2877 974 2952 mari,

181 2982 326 3063 fontibus,
363 2962 521 3063 ¹viridibus,
551 3005 634 3068 agro,
664 2986 736 3047 villa
764 2976 971 3049 amnenillrma.
