2317 3767
386 309 708 363 Μυκη·
893 291 935 380 85

127 456 220 531 bant,
244 456 374 518 aliarum
389 457 548 519 collatione
570 457 766 520 convincere:
792 453 834 517 ita
848 453 936 518 nobis

129 561 227 623 ineffe
251 563 484 645 repetundamm
511 563 575 644 lege
604 563 685 646 quod
710 558 935 644 postularemus,

132 670 208 728 cum
221 667 281 729 hae
295 665 358 750 ipsa
371 668 447 749 lege,
477 681 545 729 tum
559 668 626 730 allis
643 667 844 750 colligendum
857 661 933 728 fuit:

131 774 218 856 quod
241 792 432 856 nequaquam
461 773 607 836 blandum
632 773 753 837 auribus
782 770 934 855 imperito-

135 898 219 953 rum,
241 890 327 939 tanto
349 878 496 960 majorem
516 881 595 962 apud
617 879 721 942 destos
739 880 849 941 habere
866 897 934 960 gra-

136 982 213 1044 tiam
253 984 353 1058 debet,
384 998 498 1067 quanto
525 984 674 1046 minorem
698 986 777 1069 apud
800 984 936 1047 indoaos

136 1090 241 1151 habet.
286 1087 357 1151 Nos
371 1101 484 1164 autem,
506 1087 527 1151 fi
540 1091 682 1173 placuerit
695 1091 829 1165 recitare,
848 1088 935 1153 adhi-

136 1194 232 1256 bituri
245 1190 348 1255 sumus
362 1194 588 1257 eruditiffimum
603 1215 768 1279 quemquez
784 1193 832 1257 sed
846 1195 935 1277 plane

138 1301 240 1362 adhuc
254 1319 295 1360 an
309 1299 344 1360 fit
356 1299 553 1375 recitandum,
580 1300 719 1361 examina
732 1313 844 1375 tecum,
867 1320 934 1363 om-

137 1404 249 1489 nesque
263 1425 339 1487 quos
353 1425 409 1487 ego
422 1406 493 1467 novi
513 1406 545 1466 in
569 1417 695 1487 utraque
709 1417 791 1487 parte
805 1404 934 1468 calculos

137 1531 230 1594 pone.
278 1508 374 1598 quue
388 1511 474 1593 elige,
493 1511 525 1572 in
539 1532 600 1593 quo
614 1510 717 1572 vicerit
738 1508 824 1572 ratio.
861 1508 934 1573 Ate

136 1616 224 1676 enim
237 1616 312 1678 ratio
326 1617 470 1699 exigetur,
494 1637 549 1678 nos
570 1614 721 1681 excusabit
745 1612 932 1699 obsequium.

141 1720 236 1785 Vale.

196 1955 259 1999 XX·
298 1955 331 2003 C·
359 1949 507 2002 PLINIUS
537 1953 717 2000 cALvlsm
746 1953 813 2000 SUO
844 1955 873 1999 S.

140 2102 295 2214 Assum
318 2172 401 2234 para,
420 2151 451 2214 &
465 2151 563 2234 accipe
574 2170 695 2212 auream
709 2145 861 2211 fabulam:
885 2144 931 2211 fa-

138 2256 227 2319 bulas
252 2256 359 2332 immo,
390 2276 462 2318 nam
486 2276 536 2318 me
568 2256 701 2341 priorum
724 2276 805 2318 nova
826 2256 931 2318 admo-

138 2364 228 2425 nuitt
256 2383 311 2425 nec
332 2359 422 2424 refert
446 2361 465 2424 ὲ
486 2383 545 2446 qua
570 2360 751 2445 potiffimum
777 2360 928 2445 incipiam.

140 2466 274 2529 Verania
287 2465 401 2530 Pisonis
422 2467 687 2551 graviterjacebat.
732 2467 847 2552 (Hujus
863 2469 931 2531 dico

139 2570 268 2647 Pisonis,
294 2593 385 2659 quem
413 2571 515 2638 Galba
543 2568 721 2656 adoptavit.)
770 2571 821 2635 Ad
851 2574 930 2637 hanc

137 2679 276 2761 Regulus
297 2679 390 2741 venit.
434 2676 572 2741 Primum
598 2678 814 2761 impudentiam
829 2678 930 2740 homi·

139 2786 201 2862 iiis,
239 2785 290 2869 qui
330 2785 443 2847 venerit
477 2785 515 2847 ad
548 2805 672 2868 aegram,
707 2785 793 2869 cujus
823 2783 932 2845 marito

138 2890 369 2967 inimiciffunus,
410 2888 462 2975 ipsi
485 2890 671 2955 invififfimus
694 2888 804 2954 fuerat.
847 2886 929 2966 Esto,

138 2996 161 3059 fi
176 2998 259 3061 venit
276 3010 405 3061 tantum.
450 2995 494 3060 At
514 2998 564 3059 ille
583 2997 674 3060 etiam
692 2996 846 3081 proximus
864 3009 931 3062 toro

518 3102 594 3187 G3
