2317 3767
412 282 603 326 ernau
646 284 676 327 1.
902 280 940 345 ις

149 418 306 485 benefacta
320 420 371 485 sua
387 425 487 486 verbis
498 427 654 499 adornant,
677 442 738 485 non
753 422 820 486 ideo
833 422 942 505 praedi-

150 547 227 602 care,
249 529 321 612 quia
342 527 479 607 fecerint,
501 529 550 592 sed
573 542 607 592 ut
629 529 822 611 praedicarent
843 525 941 592 secisse

148 636 317 697 creduntur.
357 635 416 711 Sic,
432 638 512 720 quod
523 635 717 719 magnificum
728 629 941 700 referentealio

145 735 257 815 fuisset,
285 740 348 823 ipso
372 744 424 825 qui
447 741 571 825 gesserat
595 740 773 816 recensente,
799 740 938 804 vanescit.

145 844 297 908 Homines
307 848 403 923 enim,
424 867 495 909 cum
506 868 569 910 rem
581 846 726 910 destruere
736 866 798 908 non
808 846 936 930 possunt,

139 950 306 1033 jactatione
327 955 395 1036 ejus
416 949 583 1016 incessunt:
613 954 656 1016 ita
680 951 701 1014 sr
726 952 837 1014 filenda
858 948 937 1015 fece·

145 1056 198 1131 ris,
232 1054 348 1120 factum
377 1057 493 1142 ipsum:
527 1057 548 1120 fi
574 1057 735 1134 laudanda,
767 1060 848 1142 quod
875 1078 937 1121 non

145 1161 229 1225 sileas
248 1162 320 1247 ipse,
335 1166 482 1247 culpatur.
527 1164 585 1228 Me
600 1186 671 1227 vero
684 1162 840 1246 peculiaris
852 1185 936 1247 quae·

144 1270 216 1331 dam
239 1270 366 1352 Impedit
386 1271 484 1333 ratio:
519 1271 633 1332 etenim
656 1267 855 1352 hunc'ipsum
876 1267 935 1332 ser·

141 1395 269 1436 monem
277 1395 338 1437 non
350 1377 427 1459 apud
438 1374 651 1460 populum,sed
661 1376 738 1457 apud
750 1373 936 1437 Decuriones

143 1480 249 1557 habui,
272 1502 327 1543 nec
342 1481 373 1542 in
388 1482 555 1565 propatulo,
577 1481 626 1544 sed
648 1481 681 1542 in
697 1480 790 1541 curia.
823 1476 937 1541 Vereor

143 1607 275 1668 ergone
303 1587 338 1649 fit
358 1586 427 1648 satis
452 1606 629 1669 congruens,
662 1606 733 1650 cum
756 1586 788 1647 in
811 1582 936 1646 dicendo

144 1689 367 1754 assentationem
390 1693 473 1774 vulgi
495 1692 797 1776 acclamationemque
811 1687 935 1774 defuge-

64 1783 65 1786 '
145 1796 216 1870 rim,
239 1817 317 1858 nunc
338 1799 442 1859 eadem
464 1798 515 1860 illa
538 1799 668 1860 editione
690 1795 814 1860 seetari:
846 1799 934 1859 cum-

141 1922 201 1984 que
214 1903 333 1984 piebem
348 1901 440 1986 ipsam
454 1903 503 1964 cui
517 1900 734 1977 consulebatur,
756 1901 861 1965 slmine
879 1923 933 1965 cu·

141 2008 195 2069 riae
209 2008 425 2093 parietibusque
446 2007 645 2083 discreverim,
667 2025 810 2092 nequam
824 2008 856 2069 in
869 2007 933 2091 spe-

141 2113 218 2175 ciem
237 2115 412 2202 ambitionis
420 2115 594 2189 inciderem,
617 2131 696 2175 nunc
710 2133 761 2175 eos
775 2114 878 2190 etiam,
894 2117 932 2178 ad

140 2239 216 2301 quos
231 2233 268 2281 ex
284 2239 408 2282 munere
419 2220 517 2285 nostro
530 2219 607 2284 nihil
620 2221 747 2303 pertinet
760 2232 866 2303 praeter
878 2241 931 2284 ex·

140 2326 290 2408 emplum,
316 2326 399 2388 velut
417 2326 508 2388 obvia
533 2326 724 2389 assentatione
745 2326 929 2409 conquirere.

143 2428 248 2493 Habes
266 2431 464 2495 cunetationis
488 2452 564 2494 meae
585 2430 707 2507 eausas3
729 2429 871 2514 obsequar
884 2445 931 2494 ta-

142 2555 212 2596 men
224 2536 347 2599 consrlio
361 2550 425 2613 tuo,
448 2536 533 2621 cujus
547 2537 624 2601 mihi
643 2536 802 2600 auctoritas
815 2557 869 2622 pto
882 2559 931 2602 ra·

141 2639 221 2701 tione
235 2640 369 2704 sufficiet.
418 2641 504 2707 Vale.
