2317 3767
206 270 268 342 262
368 292 827 343 enuntiaretur.

115 535 117 539 ’
227 560 329 605 xxxi.
359 560 393 605 c.
418 560 568 606 murus
593 561 926 610 conunrrano-suo
948 564 978 609 ε.

209 709 436 819 Evocatus
460 752 493 814 in
518 752 672 816 confilium
688 756 706 818 a
721 753 839 820 Caesare
853 753 950 821 nostro
962 755 1000 819 ad

208 859 433 923 Centumcellas
458 859 528 941 (hoc
552 858 620 922 loco
649 858 772 940 nornen)
793 863 880 946 longe
900 863 999 925 maxi·

206 986 290 1029 marn
303 966 367 1047 cepi
382 966 576 1048 voluptatem.
622 966 707 1050 Qrid
735 968 817 1030 enim
835 967 1000 1051 jucundius

206 1085 298 1156 quam
317 1070 463 1154 Principis
480 1069 637 1155 justitiam,
664 1073 851 1154 gravitatem,
872 1067 1000 1136 comita·
1021 1075 1025 1079 ’

205 1189 281 1253 tem,
297 1177 330 1240 in
348 1175 455 1239 secessu
466 1190 585 1260 quoque
599 1176 650 1240 ubi
673 1178 739 1239 haec
758 1177 889 1240 maxime
903 1179 998 1241 reclu-

205 1285 328 1359 duntur,
344 1277 507 1367 inspicere?
554 1280 689 1345 Fuerunt
696 1282 789 1345 variae
802 1282 996 1365 cognitiones,

205 1391 237 1453 δι
250 1410 318 1472 quae
339 1389 463 1451 virtutes
481 1387 591 1472 judicis
610 1409 662 1471 per
675 1389 774 1471 plures
787 1386 998 1471 speciesoxpe·

205 1491 344 1557 rirentur.
389 1492 479 1557 Dixit
499 1491 618 1555 causam
633 1486 782 1558 Claudius
796 1491 896 1556 Aristo
915 1494 998 1577 prin·

205 1620 273 1684 ceps
289 1598 497 1684 Ephesiorum,
519 1590 613 1661 homo
629 1597 800 1675 munificus,
823 1597 1003 1661 &innoxiae

204 1704 424 1788 popularitatis:
456 1698 525 1766 inde
539 1704 664 1779 invidia,
687 1705 719 1768 δι
741 1705 780 1766 ab
797 1702 997 1767 diffimillimis

202 1808 346 1871 diffimilis
374 1810 487 1873 delator
504 1807 663 1873 immitius.
720 1800 826 1893 Itaque
846 1807 996 1872 absolutus

205 1908 427 2000 vindicamsque
445 1916 497 1978 est.
541 1913 683 1999 Sequenti
697 1915 745 1977 die
759 1914 860 1978 audita
873 1913 914 1976 est
927 1913 995 1980 Ga·

204 2019 269 2083 litta
288 2021 424 2084 adulterii
439 2013 500 2084 r'ea.
544 2021 653 2105 Nupta
672 2021 738 2083 haec
757 2018 901 2084 Tribuno
914 2020 994 2082 mili·

204 2136 271 2187 tum
285 2126 414 2189 honores
431 2126 571 2209 perituro,
587 2127 617 2190 ἃ
635 2124 719 2188 suam
732 2127 763 2189 δε
783 2126 884 2188 mariti
896 2126 995 2209 digni·

203 2226 297 2295 tatem
310 2230 490 2294 centurionis
504 2252 607 2295 amore
617 2224 826 2295 maculaverat.
862 2231 995 2296 Maritus

204 2337 320 2420 Legato
341 2330 580 2413 Consulari,'ille
594 2335 706 2401 Caesari
719 2335 875 2419 scripserat.
918 2333 994 2400 c'ae-
1058 2364 1064 2373 ·

203 2441 248 2505 sar
260 2441 382 2507 exeuffis
404 2442 639 2525 probationibus,
661 2441 867 2506 centurionem
885 2433 993 2506 exauc-

202 2547 324 2624 toravit,
346 2559 435 2632 atque
456 2547 548 2612 etiam
567 2544 720 2630 relegavit.
765 2545 922 2630 Supererat
935 2547 993 2610 cri·

202 2654 382 2739 min1,quod
396 2651 451 2715 nifi
463 2655 593 2717 duorum
603 2651 661 2716 eise
677 2673 739 2716 non
754 2644 869 2735 poterat
881 2653 994 2736 reliqua

202 2780 270 2844 pars
280 2759 413 2834 ultionis,
426 2757 474 2820 sed
486 2756 629 2821 maritum
639 2778 701 2823 non
712 2757 772 2821 fine
785 2758 886 2842 aliqua
896 2778 992 2841 repre·

200 2863 340 2928 hensrone
364 2862 525 2948 patientiae,
559 2883 645 2927 amor
672 2864 774 2928 uxoris
802 2866 990 2927 retardabatr

194 2988 292 3054 quam
313 2968 435 3053 quidem
456 2967 548 3032 etiarn
575 2967 640 3054 post
658 2971 792 3034 delatum
812 2972 992 3034 adulterium
