2317 3767
394 313 689 363 arrrnrv.
886 311 943 384 ¹47

148 472 205 522 trae
230 457 405 522 varietatem
430 459 571 535 duarum,
598 469 771 522 contextum
785 457 875 522 unius
888 460 944 523 ha·

149 563 245 627 buisse
258 564 427 626 credantur.
473 561 636 648 Respondit
657 562 831 627 Herennius
847 563 945 629 Pollio

148 669 289 731 instanter
322 669 366 732 dcv
382 665 522 752 graviter.
578 667 700 733 Deinde
738 665 945 755 Theophanes

150 772 260 838 rursus.
307 773 393 837 Fecit
406 773 488 836 enim
502 774 561 837 hoc
572 794 690 859 quoque
701 786 735 837 ut
748 788 865 853 caetera,
886 775 945 840 im·

70 901 74 910 ·
149 877 371 964 pudentiffime,
383 882 465 965 quod
476 879 540 964 post
554 881 642 956 duos,
667 880 698 943 ἃ
710 877 900 958 Consulares,
915 883 946 947 dt

151 985 286 1063 disertos,
310 999 428 1069 tempus
446 983 510 1063 srbi,
531 986 563 1050 dt
576 985 699 1069 quidem
710 986 818 1063 laxius,
845 985 945 1049 vindi·

151 1091 243 1154 cavit.
289 1090 379 1155 Dixit
402 1089 434 1153 in
453 1091 585 1168 nossem,
612 1103 701 1175 atque
730 1089 820 1154 etiam
845 1092 944 1170 nodie,

150 1196 244 1260 illatis
264 1195 404 1259 lucernis.
449 1194 568 1259 Postero
588 1197 637 1259 die
653 1210 776 1279 egerunt
790 1217 844 1280 pro
860 1196 947 1261 Basso

148 1301 319 1377 Homulus,
337 1302 367 1365 &
384 1300 508 1377 Fronto,
536 1300 678 1365 mirificet
703 1313 846 1384 quartum
867 1301 946 1365 diem

153 1406 345 1489 probationes
379 1421 610 1490 occupaverunt.
667 1403 793 1470 Censuit
829 1405 948 1470 Baebius

152 1511 271 1587 Macer,
288 1509 405 1575 Consul
429 1509 606 1594 designatus,
627 1511 691 1594 lege
717 1513 947 1612 repetundarum

155 1614 278 1678 Bassum
303 1615 408 1679 teneri.
454 1615 562 1700 Caepio
587 1615 685 1701 Hispo
703 1615 783 1679 salva
806 1614 949 1700 dignitate

146 1722 267 1805 judices
280 1723 414 1783 dandos:
431 1734 554 1805 uterque
568 1722 658 1786 redie.
704 1720 771 1808 Qus
804 1721 870 1785 sieri
892 1743 948 1806 po·

152 1826 217 1902 test,
244 1824 350 1910 inquit,
374 1846 444 1889 cum
459 1839 522 1888 tam
537 1826 651 1889 diversa
667 1826 849 1891 censuerint?
877 1826 949 1912 quia

152 1931 262 1995 scilicet
275 1933 307 1996 ἃ
322 1930 432 1996 Macro
446 1931 543 2014 legem
563 1930 703 2007 intuenti,
718 1930 948 1996 consentaneum

155 2036 213 2101 suit
233 2040 377 2100 damnare
403 2058 485 2113 eum,
515 2036 567 2121 qui
591 2049 694 2101 contra
712 2038 809 2119 legem
823 2058 948 2102 munera

153 2154 325 2227 acceperat:
350 2144 381 2207 &
406 2142 515 2226 Caepio
533 2155 737 2226 computaret
754 2144 841 2207 licere
857 2144 948 2209 Sena-

154 2251 210 2327 tui,
227 2250 300 2313 sicut
320 2247 400 2326 licet,
415 2232 597 2332 &mitigare
620 2251 710 2332 leges,
727 2251 758 2314 &
783 2249 946 2327 intendere,

157 2376 218 2419 non
247 2353 308 2418 sme
335 2355 448 2422 ratione
477 2356 597 2418 veniam
625 2354 707 2418 dedit
734 2352 825 2433 fadio,
856 2355 949 2419 vetito

98 2476 100 2480 ’
154 2461 289 2545 quidem,
315 2482 377 2523 non
391 2475 492 2522 tamen
510 2459 657 2523 inusitato.
702 2459 865 2524 Praevaluit
882 2462 947 2525 sen·

154 2565 249 2629 tentia
274 2565 439 2649 Caepionis.
499 2565 683 2650 Quinimmo
715 2565 898 2651 consurgenti
919 2568 947 2629 ei

153 2675 193 2736 ad
211 2672 390 2737 censendum
411 2673 609 2734 acclamatum
624 2671 675 2748 est,
696 2674 777 2756 quod
790 2671 863 2736 solet
880 2671 948 2733 resr-

153 2778 304 2841 dentibus.
349 2777 398 2842 Ex
408 2798 469 2862 quo
483 2791 565 2860 potes
579 2776 734 2854 aestimare,
750 2789 863 2861 quanto
876 2797 948 2839 con·

154 2883 238 2947 sensu
248 2883 282 2946 sit
292 2898 461 2968 exceptum,
476 2904 546 2947 cum
561 2884 683 2959 diceret,
698 2884 778 2966 quod
788 2894 852 2944 tam
862 2877 950 2943 savo·

157 2991 250 3053 rabile
275 2986 345 3066 fuit,
369 3009 440 3052 cum
455 2989 589 3052 didiurus
609 2989 767 3051 videretur.
812 2984 889 3050 Sunt
901 2999 948 3050 ta·

489 3092 553 3159 La
