2317 3767
199 256 254 322 ¹72
370 255 404 301 c.
434 257 547 304 euru.
578 256 836 302 urrsrouau.

196 473 199 481 1
212 389 384 478 Sequuntur
399 397 546 460 auditores
557 395 706 459 acloribus
719 394 838 470 lirniles,
859 394 1000 459 condudli

210 499 241 562 ἀ
252 500 397 583 redempti
407 483 573 585 mancipes:
598 502 771 584 convenitur
786 502 818 562 in
833 484 998 564 mediaba-

210 604 299 682 lilica‚
318 607 371 670 ubi
384 619 447 668 tam
457 608 555 689 palam
566 604 712 690 sportulae,
725 627 816 690 quam
826 606 857 669 in
871 597 1001 670 triclinio

210 712 328 775 dantur.
374 711 423 776 Ex
440 713 555 796 judicio
575 713 607 792 in
625 712 773 796 judicium
786 711 849 795 pari
864 697 1001 774 mercede

210 816 355 882 tranlitur.
407 817 484 881 inde
503 818 569 902 jam
595 838 657 882 non
677 817 820 880 inurbane
843 818 1001 893 Σοφοκλές

210 938 370 987 vocantur:
394 922 496 987 iisdem
507 923 634 987 latinum
642 943 753 986 nomen
763 922 932 1004 impositum
941 922 998 1000 est,

211 1028 374 1106 laodiceni,
431 1028 472 1112 Et
505 1041 606 1114 tamen
633 1028 732 1091 crescit
758 1028 851 1092 indies
878 1026 1000 1092 foeditas

211 1146 335 1218 utraque
348 1134 449 1218 lingua
462 1147 573 1218 notata.
618 1134 695 1198 Heri
715 1135 776 1196 duo
795 1136 998 1214 nomenclato-

211 1260 258 1304 res
268 1241 480 1324 mei‚.(habent
493 1238 560 1303 sane
575 1250 694 1328 aetatern
708 1260 824 1315 eorum,
839 1239 891 1323 qui
904 1227 999 1326 nuper

156 1359 162 1370 ·
210 1359 293 1428 togas
305 1342 501 1429 sumpserunt)
515 1346 607 1409 ternis
620 1346 747 1409 denariis
760 1347 798 1409 ad
817 1347 1000 1408 laudandum

210 1452 412 1528 trahebantur.
445 1449 543 1530 Tanti
554 1450 675 1527 constat,
692 1465 725 1514 ut
738 1451 773 1514 fis
788 1441 996 1535 disertilirmus.

177 1611 179 1618 s
211 1556 281 1622 Hoc
304 1558 398 1639 pretio
422 1557 587 1640 quamlibet
608 1554 763 1630 numerosa
787 1556 920 1624 subsellia
940 1557 999 1619 iin-

208 1662 337 1746 plentur,
360 1661 417 1723 hoc
430 1662 534 1743 ingens
547 1682 657 1725 corona
671 1662 836 1744 colligitur:
859 1663 916 1725 hoc
930 1653 1000 1727 inin

169 1820 175 1825 .
209 1768 265 1832 niti
290 1768 434 1830 clamores
454 1778 697 1843 commoventur,⁴
724 1788 794 1834 cum
819 1755 1000 1852 ptedxopsss

151 1937 157 1951 ‚
210 1873 292 1935 dedit
305 1871 430 1956 lignum.
475 1868 564 1955 Opus
579 1871 619 1934 est
633 1859 817 1956 enim'figno
839 1875 916 1957 apud
938 1893 999 1935 non

210 1977 416 2061 intelligentes,
438 1988 483 2039 ne'
491 1977 642 2061 audientes
656 1976 796 2062 quidem:
819 1998 891 2040 nam
910 1977 1000 2060 pleri-

132 2123 136 2133 ι
201 2104 269 2168 ,que
283 2082 505 2164 nonaudiunt„
518 2102 573 2145 nec
596 2082 649 2145 ulli
674 2083 769 2167 magis
790 2084 921 2145 laudant.
967 2081 1000 2145 Si

102 2244 105 2250 a
210 2191 330 2274 quando
351 2185 485 2251 transibis
507 2208 559 2274 per
585 2187 750 2266 Basilicam,
772 2190 803 2253 ἃ
825 2190 908 2252 voles
929 2187 1001 2280 scire

211 2294 362 2379 quomodo
380 2291 501 2378 quisque
512 2293 612 2371 dicat,
634 2295 710 2357 nihil
723 2294 763 2357 est
777 2297 856 2379 quod
870 2295 1002 2358 tribuna}

200 2399 358 2477 ,ascendas
375 2400 452 2478 nihil
463 2401 549 2484 ‚quod
563 2401 693 2483 praebeas
708 2421 822 2478 aurem,
844 2385 999 2486 facilisdi-

211 2507 335 2572 vinatio.
380 2504 459 2569 Scito
473 2499 548 2568 'curn
568 2504 688 2589 pellune
701 2507 808 2582 dicere,
830 2507 882 2589 qui
896 2495 999 2570 lauda-

211 2590 445 2677 biturmaurime.
490 2608 610 2674 Primus
623 2611 861 2674 huncaudiendi
885 2601 1000 2674 morem

211 2719 329 2783 induxit
349 2716 475 2800 Largius
497 2715 645 2808 Licinius
673 2716 815 2784 haelenus
833 2720 947 2792 tameng
968 2730 1002 2780 ut
1077 2719 1080 2724 '

211 2825 359 2888 auditores
371 2825 545 2906 corrogaret.
575 2819 639 2908 (Ita
653 2832 730 2914 certe
744 2843 783 2884 ex
797 2820 998 2906 Quintiliano,

112 2975 116 2980 -
211 2943 388 3014 praeceptore
416 2948 496 3004 meo,
526 2926 636 2993 audisse
658 2927 798 2995 smemini.
849 2925 1002 3010 Narrabat
