2317 3767
583 7 591 8 ff
620 7 1021 20 vfss—vffi———n--q--ss-
1146 14 1151 15 ⁷

293 317 295 320 ¹
423 257 716 307 nrornvr.
900 261 961 331 239

170 399 354 465 intuentibus
381 421 419 465 ex
447 423 508 489 quo
536 417 651 479 monte,
683 399 847 467 Vesuvium
875 400 963 467 suisio

170 506 269 590 postea
288 508 441 591 cognitum
459 504 518 586 esi)
533 508 693 584 oriebatur,
719 506 804 591 cujus
825 507 961 577 similitu,

170 613 272 675 dinem
290 614 322 676 δι
342 609 473 677 sormam
487 633 549 676 non
568 614 626 677 alia
640 613 735 696 magis
756 614 844 677 arbor
868 634 963 697 quam

170 718 258 801 pinus
271 719 449 803 expresserit.
493 720 580 784 Nam
599 716 765 802 longissimo
778 720 861 782 velut
873 734 959 791 trun.

168 825 294 887 coelata
308 826 340 887 in
351 826 458 901 altum,
474 824 651 910 quibusdam
665 824 757 888 ramis
769 823 959 891 diffundeba-

170 941 229 993 tur.
273 929 376 1002 Credo
393 931 464 1013 quia
478 931 587 999 recenti
601 930 702 1014 spiritu
723 931 837 1008 media,
852 933 959 999 deinde

29 1044 32 1049 ’
168 1034 331 1099 senescente
356 1057 394 1098 eo
414 1035 561 1111 destituta,
583 1049 634 1098 aut
658 1037 749 1099 etiam
768 1039 897 1120 pondere
907 1036 960 1102 suo

168 1140 261 1216 viola,
279 1141 311 1202 in
330 1138 519 1227 latitudinem
541 1139 745 1204 evanescebat:
772 1142 898 1205 candida
910 1144 958 1211 in-,

168 1247 299 1322 terdum,
320 1246 469 1313 interdum
494 1243 611 1308 sordida
635 1246 666 1308 dc
686 1245 845 1323 maculosa,
872 1261 960 1331 prout

170 1363 279 1414 renam
303 1350 472 1415 cineremve
492 1349 657 1425 ¹sustulerat
710 1350 863 1434 Magnum
889 1375 958 1436 pro-

168 1455 290 1541 piusque
305 1456 486 1521 noscendum
506 1470 540 1521 ut
561 1455 753 1520 eruditiffimo
771 1456 836 1520 viro
849 1456 958 1530 visum.

169 1562 263 1643 Jubet
283 1564 462 1627 liburnicam
483 1563 601 1647 aptari:
629 1562 708 1626 mihi
730 1561 752 1625 fi
778 1562 878 1627 venire
900 1583 960 1627 una

170 1667 293 1743 vellem,
318 1665 390 1731 facit
409 1670 537 1752 copiam.
590 1668 752 1752 Respondi,
775 1668 890 1739 studere
910 1690 961 1734 me

171 1772 280 1835 malle:
301 1774 332 1835 dr
353 1770 430 1836 sorte
452 1773 522 1855 ipse,
537 1776 618 1858 quod
634 1773 799 1852 scriberem,
815 1775 956 1839 dederat.

171 1874 387 1959 Egrediebatur
399 1881 502 1955 domo,
519 1879 624 1962 accipit
636 1878 798 1943 codicillos.
841 1879 961 1947 Retinae

168 1981 301 2046 clasirarii
331 1983 502 2074 imminenti
540 1984 672 2068 periculo
707 1986 846 2051 exterriti
875 1989 959 2072 (narn

170 2090 242 2157 villa
263 2110 299 2153 ea
312 2088 492 2174 suhjacebat,
506 2111 562 2154 nec
585 2092 646 2155 ulla
667 2090 719 2155 nifi
732 2093 860 2156 navibus
874 2088 958 2178 suga)

169 2211 202 2257 ut
218 2193 247 2257 se
261 2208 345 2258 tanto
364 2194 531 2259 discrimine
553 2196 688 2280 eriperet,
702 2200 839 2263 orabant.
881 2199 959 2264 Non

169 2300 256 2369 vertit
278 2300 328 2365 ille
346 2301 518 2379 confilium,
540 2301 590 2366 sed
614 2305 694 2388 quod
713 2303 838 2370 studioso
857 2308 960 2397 animo

170 2404 370 2483 inchoaverat,
394 2409 459 2488 obit
472 2409 618 2473 maximo.
662 2408 794 2475 Deducit
807 2412 958 2496 quadrire-

171 2530 247 2587 mes,
259 2509 387 2576 ascendit
401 2514 460 2598 ipse
471 2534 532 2578 non
541 2514 661 2579 Retinae
675 2518 777 2593 modo,
792 2516 841 2580 sed
855 2518 959 2581 multie

171 2618 247 2700 (erat
269 2619 351 2682 enim
379 2617 517 2704 frequens
555 2623 714 2686 amoenitas
742 2617 814 2701 orae)
845 2622 959 2687 laturus

168 2724 327 2790 auxilium.
372 2725 513 2808 Properat
531 2727 616 2803 illuc,
640 2729 718 2791 unde
743 2727 794 2795 alii
818 2724 955 2810 fugiunt:

167 2831 341 2915 fedumque
355 2831 485 2907 cursum,
501 2832 580 2896 tedia
604 2832 803 2915 gubernacula
828 2831 859 2893 in
880 2831 958 2914 peri-

168 2937 271 3002 culum
282 2950 375 3013 tenet,
390 2938 465 3000 adeo
477 2935 590 3001 solutus
604 2951 699 3015 metu,
712 2951 745 3000 ut
758 2957 863 3001 omnes
876 2937 956 3003 illiue
