2317 3767
901 275 962 363 ι89

149 450 152 455 ’
169 436 202 501 ὅτ
221 437 310 521 quale
322 434 384 502 sola
394 456 495 500 rerum
508 449 615 501 natura
628 434 715 521 poffrt
724 433 875 521 effingere.
900 436 963 501 La·-

168 557 200 606 ta
212 545 244 608 ἃ
254 541 362 606 diffusa
375 542 513 627 planities
526 544 681 607 montibus
693 543 822 628 cingitur
834 568 842 608 ε
873 563 967 607 mon-

169 665 214 713 tes
228 648 346 712 summa
359 646 404 712 sui
418 660 500 732 parte
513 669 634 732 procera
653 669 776 712 nemora
788 650 820 715 &
843 649 968 735 antiqua

168 757 290 821 habent.
337 753 490 839 Frequens
503 755 547 818 ibi
566 755 599 820 ἃ
620 755 703 818 varia
724 754 860 820 venatio:
887 753 970 820 Inde,

168 863 281 925 caeduae
294 860 385 945 sylvae
402 881 473 924 cum
487 858 549 945 ipso
567 873 671 925 monte
689 859 882 924 descendunt:
908 860 965 924 hau

168 969 245 1033 inter
273 968 409 1052 pingues,
432 966 600 1050 terrenique
625 968 728 1044 collus,
752 967 862 1051 (neque
879 965 965 1031 enim

167 1071 257 1136 facile
279 1071 402 1157 usquam
426 1070 542 1148 saxum,
569 1072 662 1137 etiam
681 1071 703 1135 fi
724 1082 885 1157 quaeratur,
909 1092 961 1134 oc-

167 1173 286 1256 cunin)
310 1177 484 1262 planiffimis
507 1178 620 1263 campis
644 1175 796 1243 fertilitate
820 1199 883 1242 non
910 1198 961 1243 ce·

166 1285 255 1360 dunt,
279 1283 617 1369 opimamquemeiiem
640 1283 732 1348 serius
756 1297 885 1362 tantum,
911 1283 962 1348 sed

166 1410 228 1453 non
239 1390 340 1453 minus
350 1402 545 1477 percoquunt.
590 1388 653 1453 Sub
661 1390 709 1452 his
719 1411 771 1474 per
781 1391 858 1453 latus
870 1410 962 1455 omne

167 1494 263 1558 vineae
273 1496 474 1580 porriguntur,
487 1517 640 1583 unamque
659 1492 769 1571 facirm
784 1497 872 1580 longe
885 1497 960 1559 late-

165 1622 224 1687 que
238 1613 413 1665 contexunt.
457 1603 600 1690 Quarum
617 1605 635 1668 ἰ
648 1602 720 1680 fine,
743 1602 865 1686 imoque
878 1599 963 1686 quafi

166 1708 312 1791 margine,
328 1707 444 1772 arbusta
464 1708 643 1773 nascuntur:
676 1721 760 1794 prata
777 1707 860 1785 inde,
875 1728 959 1771 cam-

168 1814 267 1898 pique.
312 1813 437 1900 Campi,
454 1836 529 1899 quos
542 1815 659 1880 nunniti
673 1817 807 1899 ingentes
821 1818 913 1880 boves
927 1816 962 1880 δι

166 1916 321 1984 fortiffima
327 1934 424 1984 aratra
433 1917 638 2006 perfringunt:
659 1921 750 1984 tantis
763 1921 858 2005 glebis
871 1932 959 1985 tena-

166 2026 313 2090 cissimum
322 2025 431 2104 solum,
443 2046 514 2090 cum
528 2026 661 2110 primum
671 2022 849 2110 prosecatur,
864 2025 957 2091 affur-

164 2132 218 2215 git‚
242 2144 277 2195 ut
295 2153 375 2201 nono
389 2134 513 2195 demum
526 2129 608 2196 sulco
621 2133 822 2216 perdometur.
867 2131 963 2197 Prata·

165 2238 315 2303 florida&
330 2259 479 2323 gemmea,
502 2223 668 2316 trifolium,'
686 2237 825 2324 aliasque,
835 2239 958 2318 herbas,

165 2357 280 2407 teneras
295 2343 408 2428 semper
421 2345 453 2408 &
466 2344 585 2421 molles,
600 2345 632 2408 δι
644 2342 725 2428 quati
746 2362 840 2408 novas
858 2343 954 2408 alunt.

167 2447 287 2514 Cunna
302 2451 384 2514 enim
398 2449 576 2534 perennibus
600 2449 673 2513 rivin
686 2450 867 2535 nutriuntur.
898 2449 959 2515 Sed

164 2557 216 2620 ubi
236 2578 322 2642 aquae
336 2557 513 2642 plurimum,
527 2557 614 2640 palus
627 2556 725 2620 nulla:
749 2555 821 2642 quia
843 2558 963 2621 deuexa.

114 2687 116 2689 ’
162 2673 240 2725 terra
260 2663 401 2747 quicquid
419 2661 543 2747 liquoris
560 2662 692 2747 accepitz
717 2681 772 2725 nec
792 2659 957 2739 absorbuit,

161 2763 291 2830 effirndit
298 2768 330 2837 in
338 2766 500 2851 Tyberim.
514 2766 638 2832 Medion
646 2764 885 2851 illeagronsecatz
899 2785 954 2829 na·

160 2873 246 2936 vium
257 2874 383 2957 patiens,
392 2868 962 2958 ornnesquefrugnrdevehitinurbem,v

160 2980 269 3064 hyeme
280 2983 436 3059 duntaxat,
455 2979 574 3045 &vern
619 2976 953 3055 AEstatesummittitur,

1149 3082 1151 3159 i

1148 3216 1150 3275 r

1147 3300 1149 3391 i
