2317 3767
191 207 253 293 380
337 190 393 271 ¹c.
420 225 538 271 earu.
568 223 831 270 srrsrornr.

187 366 288 429 turam
316 368 493 430 memoriam
519 366 613 445 luam,
644 376 736 451 quam
765 388 828 430 uno
856 367 888 430 in
913 368 983 430 loco

187 473 303 535 duobus
314 473 462 536 verficulis
475 472 586 556 signare
601 474 679 555 quod
700 468 825 535 feceris?
869 472 980 557 Qum-

186 598 278 660 quam
292 598 355 639 non
379 578 477 641 habeo
501 577 692 662 propositum,
712 579 800 640 illurn
820 578 980 661 reprehen-

185 682 287 758 dendi,
313 680 362 744 sed
376 684 456 746 hunc
482 685 596 760 tuendi,
620 681 760 768 cujusque
784 682 877 766 potest
900 684 979 766 apud

185 800 214 850 te
227 786 333 871 justior
344 787 404 850 'effe
418 786 558 865 defensio,
575 810 667 873 quam
683 810 720 851 ex
742 789 899 850 collatione
915 787 979 870 ejus

185 912 274 976 quem
300 893 462 977 praetullstl.
508 894 585 959 Meo
610 896 730 978 quidem
746 893 861 977 judicio
875 907 979 956 neuter

183 999 361 1080 culpandus,
390 1020 519 1082 quorum
547 1013 670 1084 uterque
694 1002 732 1061 ad
759 999 886 1082 gloriam
915 998 979 1082 pari

182 1104 355 1187 eupiditate,
389 1103 505 1168 diverso
540 1106 644 1167 itinere
681 1106 852 1169 contendit:
890 1105 976 1179 alter,

183 1210 382 1292 dumdexpetit
395 1211 510 1273 debitos
524 1211 646 1273 titulos:
672 1212 756 1286 alter,
772 1212 846 1275 dum
861 1211 978 1274 mavult

184 1300 277 1379 videri
294 1314 516 1399 contempsrffe.‘
550 1314 638 1378 Vale.

248 1544 308 1587 XX.
342 1545 375 1588 C·
402 1544 549 1589 PLINIUS
580 1543 773 1589 VENATORl
792 1544 859 1589 SUO
881 1544 910 1587 S.

155 1718 157 1723 ¹
184 1690 290 1801 Tun
307 1756 378 1798 vero
398 1735 517 1819 epistola
531 1749 615 1798 tanto
638 1737 714 1800 mihi
731 1736 893 1820 jucundior
904 1733 976 1811 fuit,

183 1844 297 1925 quanto
319 1842 523 1924 longiorem,
547 1841 711 1925 praesertim
724 1862 795 1905 cum
809 1845 846 1903 de
868 1842 975 1904 libellis

184 1949 259 2011 meis
274 1959 344 2017 ,tota
366 1949 552 2031 loqueretur:
580 1969 656 2031 quos
679 1947 734 2010 tibi
759 1947 904 2029 voluptati
918 1944 975 2008 effe

181 2074 246 2120 non
265 2055 367 2129 miror,
383 2075 453 2117 cunr
477 2055 579 2116 omnia
601 2052 708 2129 nostra,
731 2053 852 2136 perinde
872 2072 905 2113 ac
920 2072 975 2115 nos

183 2181 275 2241 ames.
323 2158 389 2243 Ipse
414 2181 483 2221 cum
510 2161 641 2223 maxime
663 2158 829 2221 vindemias
853 2157 975 2240 graciles
1014 2186 1016 2188 ·

183 2266 316 2349 quidem,
344 2266 492 2326 uberiores
507 2275 609 2327 tamen
628 2285 720 2348 quam
738 2262 973 2344 expediaveram‚

182 2371 301 2454 colligo,
330 2369 351 2431 sr
376 2369 514 2452 colligere
529 2369 569 2432 est
589 2389 808 2452 nonnunquam
822 2369 976 2450 decerpere

183 2498 285 2551 uvam,
307 2476 457 2539 torculum
467 2473 603 2551 invisere,
626 2474 739 2556 gustare
763 2476 799 2535 de
813 2474 879 2537 lacu
894 2470 977 2534 mus-

182 2595 261 2659 tum,
287 2583 425 2665 obreper'e
448 2580 568 2644 urbanis
582 2580 634 2663 qui
656 2600 741 2641 nune
761 2577 873 2644 rusticis
897 2598 976 2660 prae·¹

182 2686 260 2762 lunt,
284 2707 391 2770 meque
405 2685 527 2752 notariis
552 2686 583 2749 ἃ
605 2683 766 2771 ledioribus
780 2684 972 2769 reliquerunt.

186 2792 274 2857 Vale.
468 2808 470 2811 ·
