2317 3767
220 281 266 346 ·28
385 289 851 346 c.rt1N.urrsrocnn.

220 438 395 516 lusissemus,
416 439 585 517 risissemus,
608 439 826 507 studuissemus.
857 442 946 505 Potes
960 462 1014 526 ap·

220 546 351 631 paratius
375 566 495 609 coenare
509 549 588 630 apud
612 549 742 611 multos:
767 546 913 631 nusquam
934 547 1013 610 hila-

221 652 295 727 rius,
318 651 489 734 srmplicius,
512 652 681 715 incautius:
712 654 743 715 in
771 652 901 727 summa,
923 672 1013 734 expe-

219 756 290 828 rire,
333 754 385 832 Et,
402 755 456 819 nisr
467 756 566 840 postea
579 770 609 820 te
621 758 687 820 aliis
704 759 802 841 potius
816 756 1012 834 excusaveris,

220 861 296 928 rnihi
310 859 424 946 semper
436 860 554 932 excusa.
600 861 688 926 Vale.

226 1121 229 1128 »
283 1093 368 1138 XVI·
400 1092 434 1137 C·
461 1092 609 1138 PLINIUS
633 1093 787 1140 Euktrto
809 1093 877 1139 SUO
908 1094 938 1136 S.

219 1237 420 1349 Auream
438 1285 616 1371 Pompejum
628 1284 834 1361 Saturninum,
850 1286 931 1348 hunc
943 1285 1012 1348 dico

192 1462 195 1467 ,
218 1387 371 1454 nostrum:
397 1393 616 1475 laudabamque
636 1391 701 1474 ejus
722 1392 888 1473 ingenium,
918 1390 1011 1452 etiam

218 1508 378 1580 antequam
392 1495 508 1572 scirem,
525 1516 618 1581 quarn
626 1497 756 1571 varium,
764 1516 855 1579 quam
867 1495 1010 1570 flexibile,

217 1622 309 1686 quam
335 1603 493 1685 multiplex
517 1601 608 1678 esset3
636 1621 718 1664 nunc
745 1622 817 1664 vero
839 1613 936 1663 torum
961 1622 1012 1665 me

217 1719 309 1782 tenet,
333 1708 434 1783 babet,
458 1706 648 1791 possidetque.
682 1704 797 1769 Audivi
807 1705 908 1769 causas
919 1725 1011 1788 agen-

218 1824 280 1875 tem
294 1812 399 1875 acriter
411 1813 442 1876 δι
451 1814 599 1889 ardenter,
615 1833 671 1877 nec
685 1814 786 1875 minus
800 1811 903 1895 polite,
915 1811 946 1874 δε
960 1818 1010 1872 o'r-

218 1929 298 1994 nate,
321 1917 379 1980 sive
393 1919 546 1994 meditata,
563 1917 622 1981 five
636 1916 732 1980 subita
744 1915 897 2000 proferret.
942 1914 1010 1978 Ad-

217 2021 284 2086 sunt
294 2035 382 2107 aptoe,
398 2025 567 2108 crebraeque
577 2022 740 2098 sententia,
752 2021 892 2105 gravis&
903 2022 1010 2083 decora

217 2129 404 2204 eonsirusiio,
427 2128 561 2191 sonantia
574 2128 707 2196 verba&
721 2127 853 2211 antiqua.
892 2122 1010 2188 Omnia

217 2235 282 2298 haec
296 2235 371 2297 mire
378 2234 507 2317 placent.
526 2232 617 2298 Cum
632 2235 746 2317 impetu
753 2234 898 2317 quodam,
908 2230 1009 2295 &sul-

217 2340 299 2402 mine
327 2341 559 2422 praevehuntur:
598 2341 715 2422 placent
750 2337 772 2400 sr
800 2339 1006 2401 retractentur.

219 2442 335 2508 Sentiet
367 2446 448 2528 quod
486 2466 553 2528 ego,
591 2466 662 2507 cum
694 2445 843 2507 orationes
872 2444 937 2528 ejus
976 2445 1009 2505 in

216 2569 325 2614 manus
355 2548 522 2635 sumpseris,
560 2570 635 2633 quas
663 2545 751 2611 facile
779 2550 901 2611 cuilibet
925 2560 1010 2610 vete-

217 2675 298 2730 rum,
319 2666 447 2739 quorum
460 2654 502 2718 est
516 2657 656 2731 aernulus,
678 2655 874 2737 comparabis.
921 2653 1010 2717 Idem

217 2777 318 2827 tamen
351 2763 383 2825 in
416 2762 536 2827 historia
565 2763 621 2826 tibi
651 2762 745 2844 magis
771 2759 927 2824 satisfaciet
960 2762 1009 2823 vel

216 2871 369 2947 brevitate,
385 2870 433 2932 vel
452 2871 529 2945 luce,
542 2870 592 2931 vel
601 2867 755 2943 suavitate,
779 2870 829 2930 vel
841 2867 1011 2951 splendore,

97 2959 99 2978 '
216 2975 355 3041 mun&
376 2973 554 3057 sublimitate
576 2973 727 3057 manu.
771 2972 858 3048 Nam
879 2974 912 3035 in
934 2991 1007 3036 con-
