2317 3767
431 290 727 339 eruauvr.
912 288 968 359 231

185 429 346 494 meosalva
359 429 393 494 fit
413 450 475 493 non
494 429 554 494 sors
576 433 679 510 modo,
702 431 751 496 sed
773 432 864 494 etiam
887 430 974 496 usura

183 537 316 620 plurium
333 557 491 600 annorum.
535 536 642 601 Homo
660 538 700 601 est
722 538 811 600 alieni
825 536 972 601 abstinen-

183 641 320 719 dffimur,
345 640 388 704 sui
413 643 550 724 diligens,
573 645 664 706 nullis
678 642 836 728 quaestibus
854 641 974 707 sustine-

181 759 242 824 tur,
279 749 382 811 nullus
410 733 471 825 illi,
505 746 558 811 nisr
586 769 623 811 ex
643 737 820 832 ¹frugalitate
848 746 971 813 reditus.

182 853 267 917 Nam
280 853 386 929 studia,
409 854 516 937 quibus
534 854 699 938 plurimum
713 854 840 939 praestat,
865 858 903 918 ad
917 850 971 918 vo-

182 959 326 1040 luptatem
340 971 460 1021 tantum
472 960 503 1022 ἃ
516 959 643 1041 gloriam
661 971 796 1023 exercet:
819 964 918 1043 gravis
929 961 972 1024 est

180 1065 208 1126 ci
218 1067 268 1127 vel
279 1065 407 1126 minima
416 1064 544 1149 judium,
567 1066 638 1147 quia
651 1087 785 1150 reparare
798 1069 879 1151 quod
893 1069 970 1131 ami-

179 1170 248 1243 seris
259 1171 378 1253 gravius
392 1170 443 1234 est.
488 1171 598 1234 Exime
612 1172 694 1234 hunc
707 1173 763 1248 illi,
779 1174 876 1236 exime
891 1175 971 1238 hune

180 1277 257 1339 mihi
276 1275 465 1360 scrupulum:
492 1274 553 1338 fine
568 1297 618 1339 me
643 1270 786 1340 suavitate
810 1278 886 1362 ejus,
911 1278 970 1343 fine

179 1384 329 1466 leporibus
342 1378 465 1467 perfrui.
509 1381 621 1465 Neque
634 1381 716 1444 enim
730 1380 846 1465 poffum
860 1382 971 1445 tristem

181 1489 292 1566 videre,
317 1489 404 1572 cujus
417 1487 559 1550 vhilaritas
574 1508 624 1550 me
638 1486 749 1550 tristem
771 1485 829 1550 effe
842 1507 904 1551 non
917 1507 970 1571 pa-

179 1594 263 1655 ritur.
309 1592 348 1656 In
361 1592 479 1655 summa
491 1592 565 1655 nosti
587 1589 710 1655 facetias
722 1592 873 1655 hominis:
897 1613 971 1676 quas

174 1697 273 1760 -velirn
287 1698 433 1774 attendas,
457 1717 495 1759 ne
516 1699 549 1760 in
573 1697 668 1760 bilem
687 1698 718 1761 &
739 1697 971 1761 amaritudinem

179 1813 275 1865 vertat
301 1801 420 1884 injuria.
464 1800 570 1884 Quam
598 1803 664 1866 vim
691 1803 801 1866 habeat
828 1799 969 1880 offensus,

178 1909 264 1971 crede
286 1907 327 1983 ei,
347 1925 439 1989 quam
464 1905 497 1969 in
520 1926 623 1968 amore
649 1907 750 1970 habet.
794 1907 870 1971 Non
895 1905 971 1973 feret

176 2032 322 2097 magnum
343 2012 374 2074 ἃ
389 2010 517 2074 liberum
531 2010 686 2094 ingenium
705 2032 776 2075 cum
789 2014 971 2077 contumelia

135 2178 137 2185 ,
177 2120 335 2181 damnum.
382 2114 499 2178 Verum
530 2128 565 2180 ut
589 2113 666 2178 ferat
689 2117 752 2193 ille,
785 2138 841 2202 ego
865 2139 969 2185 meum

177 2226 336 2298 damnum,
359 2241 459 2284 meam
481 2222 696 2285 contumeliam
718 2224 897 2288 vindicabo:
921 2223 969 2288 sed

177 2332 238 2392 non
252 2343 394 2412 tanquam
408 2347 463 2410 pro
476 2336 556 2403 me‘a,
578 2328 637 2392 hoc¹
648 2328 688 2392 est
701 2329 832 2413 gravius,
849 2327 965 2393 irascar.

179 2433 362 2517 Quanquam
373 2433 445 2516 quid
457 2432 733 2499 denunciationibus
744 2435 775 2498 &
788 2433 867 2518 quafi
878 2435 969 2498 minis
1091 2470 1093 2475 >

178 2539 253 2621 ago?
279 2536 363 2622 Quin
377 2538 475 2620 potius
490 2549 524 2601 ut
536 2548 700 2622 coeperam,
723 2561 808 2625 rogo,
830 2561 895 2619 oro,
915 2542 968 2603 des

176 2653 366 2725 operamne
387 2644 439 2707 ifle
461 2641 501 2719 se,
525 2646 606 2726 quod
619 2638 794 2708 validissime
813 2666 928 2721 vereor,
945 2647 968 2709 <i

3 2818 8 2828 ,
53 2793 55 2798 ,
175 2766 237 2826 me,
268 2769 324 2832 ego
345 2768 395 2811 me
419 2748 589 2831 neglec'tum'
614 2751 633 2814 ai
657 2760 687 2812 te
708 2762 822 2834 putem.
870 2749 967 2816 Dabis

175 2869 287 2931 autem,
310 2852 332 2917 fi
347 2855 404 2917 hoc
422 2854 543 2937 perinde
556 2844 637 2920 curae
650 2854 691 2918 est
704 2856 771 2934 tibi,
787 2875 879 2941 quam
892 2856 967 2919 illud

173 2959 261 3023 mihi.
308 2957 397 3045 Vale
571 3040 648 3127 Q
740 3047 743 3055 1
841 3000 845 3008 =
912 2957 915 2963 ’
