2317 3767
206 272 274 345 2'68
381 295 414 341 c.
444 294 560 340 reru.
591 292 856 342 arrsrornn.

206 447 327 500 vatur?
348 436 436 500 “Sunt
460 438 555 501 multa
591 440 664 523 (non
693 439 833 500 auderem
861 435 914 500 nili
940 438 1006 501 ribi

201 537 316 620 dicere)
339 544 428 618 elata,
455 545 550 606 multa
563 545 736 626 pugnantia,
756 544 854 605 multa
867 541 995 605 subtilia.

208 645 377 709 Intervenit
400 648 482 709 enim
506 648 623 711 acribus
648 648 718 725 illis,
753 649 784 710 &
808 647 914 709 creetis
934 643 996 709 fre'-

207 765 302 833 quens
315 751 464 814 necessitas
482 754 686 834 computandi,
708 771 742 816 ae
763 772 838 836 pene
855 752 996 827 calculos,

206 857 398 939 tabulamque
411 855 559 939 poscendi,
587 871 620 920 ut
635 871 752 942 repente
776 857 807 919 in
822 857 930 940 privati
943 855 999 939 ju·

209 961 278 1024 dicii
299 958 432 1024 formam
458 960 688 1026 Centumvirale
712 975 853 1025 vertatur.
900 961 997 1025 Dede

208 1086 277 1130 mus
299 1067 366 1128 vela
390 1066 597 1148 indignationi,
619 1068 757 1130 dedimus
771 1068 835 1142 ii-ae,
861 1067 998 1129 'dedimus

209 1172 322 1233 dolori:
350 1172 381 1234 ἃ
402 1171 433 1231 in
455 1171 632 1254 amplissima
653 1171 750 1249 causa,
780 1172 860 1256 quafi
888 1192 998 1254 magno

207 1277 283 1338 mari
298 1277 431 1359 pluribus
453 1277 550 1339 ventis
564 1275 666 1339 sumus
680 1278 769 1340 vetii.
804 1277 855 1340 ln
869 1275 997 1352 summa,

207 1379 300 1444 solent
314 1382 435 1465 quidam
450 1402 489 1442 ex
502 1383 763 1444 contubernalibus
783 1381 887 1444 nostris
900 1380 998 1444 existi·
1039 1418 1043 1423 -

209 1509 303 1563 mare,
330 1487 408 1549 hanc
438 1486 607 1548 orationem
643 1487 764 1570 (iterum
789 1483 899 1565 dicam)
922 1508 998 1570 prae-

207 1593 337 1676 cipuam,
354 1605 388 1652 ut
401 1592 477 1653 inter
491 1612 584 1666 meas,
608 1589 644 1665 vic
666 1589 736 1677 ὑπὲρ
758 1590 998 1672 Kanotsstcirrrss⁴⁴

207 1697 275 1759 elie.
320 1695 373 1758 An
388 1717 467 1772 vere,
490 1710 523 1758 tu
537 1694 681 1759 facillime
691 1698 851 1781 judicabis,
869 1699 924 1782 ‘qui
937 1712 999 1759 tam

209 1802 379 1864 memoriter
394 1814 476 1863 tenes
496 1823 612 1878 omnes,
638 1816 672 1863 ut
692 1801 825 1865 conferre
846 1825 916 1866 cum
930 1804 999 1877 hac,

210 1910 284 1970 dum
299 1908 377 1968 hanc
391 1905 483 1968 solam
498 1907 583 1990 legis,
607 1907 704 1990 poffis.
750 1907 838 1970 Vale.

253 2132 388 2180 xxxiv.
421 2135 455 2178 C·
481 2135 627 2179 PLINIUS
653 2135 809 2182 MAXIMO
836 2135 903 2180 SUO
926 2136 955 2181 S.

213 2270 362 2392 Recta
379 2324 481 2404 fecisti,
494 2330 574 2411 quod
588 2306 796 2411 gladiatorium
811 2349 922 2391 munus
936 2327 1016 2414 Ve-y

210 2434 382 2496 ronenfibus
415 2433 518 2497 nostris
545 2433 708 2517 promisisti,
745 2435 763 2497 a
791 2434 901 2516 quibus
928 2435 1002 2497 olim

212 2539 334 2614 amaris,
360 2528 520 2622 suspiceris,
542 2540 667 2601 ornaris.
713 2539 791 2602 Inde
811 2539 903 2601 etiam
926 2561 1002 2602 uxo·

211 2664 275 2706 rem
295 2642 471 2706 cariffimam
485 2645 539 2706 tibi
553 2645 584 2707 δι
606 2643 837 2726 probatiffimam
856 2644 999 2707 habuisti:

203 2743 297 2834 'cujus
317 2751 471 2812 memoriae
493 2764 544 2811 aut
565 2770 640 2832 opus
662 2751 794 2834 aliquod,
821 2765 873 2814 a'ut
891 2749 1003 2834 spetia-¹

212 2857 327 2930 culum,
354 2867 442 2938 atque
466 2854 525 2916 hoc
549 2853 744 2936 potiffimum,
771 2857 851 2939 quod
868 2856 1000 2917 maxime

212 2955 309 3022 funeri
330 2957 482 3022 debeatur.
527 2957 674 3028 Praeterea
687 2972 770 3024 tanto
791 2958 931 3024 consensu
953 2972 1002 3022 ro'-
