2317 3767
402 277 699 326 ιιηιιν.
885 278 944 347 159

147 426 221 501 eris,
241 423 342 488 licebit
352 444 458 487 voces:
474 441 530 504 ego
544 434 662 485 tantum
671 416 944 504 Hendecasyllaboo

121 530 264 615 spraesto.
309 527 539 612 Afimplicitate
559 540 612 589 tua
636 538 716 610 peto,
740 538 785 602 ut,
806 529 888 611 quod
906 530 945 591 de

146 633 252 698 libello
265 653 335 697 meo
348 634 482 698 ditiums
504 654 536 695 es
550 633 629 709 aliis,
649 632 726 695 mihi
739 633 830 694 dicas.
873 630 944 697 Ne-

148 761 209 823 que
234 740 275 802 est
303 737 436 814 difficile,
460 740 548 822 quod'
563 737 688 822 postulo.
732 737 820 802 Nam
842 737 863 800 fi
885 740 943 801 hoc

52 907 56 915 ,
150 845 326 929 opusculum
348 844 492 919 nostrum,
513 857 565 906 aut
587 843 769 927 potiffiinum
786 842 867 919 esset,
890 856 942 907 aut

149 950 258 1027 solum,
289 948 406 1013 fortaffe
438 948 530 1033 poffet
561 951 671 1012 durum
706 949 799 1012 videri
832 949 941 1026 dicere,

150 1056 264 1141 Quaerc
289 1058 370 1139 quod
394 1076 484 1138 agas:
516 1057 608 1118 molle
636 1056 859 1119 &humanum
887 1053 940 1134 est,

149 1161 256 1225 Habes
269 1163 349 1244 quod
370 1181 451 1242 agas.
497 1159 585 1223 Vale.
775 1164 800 1195 Ψ

213 1392 278 1436 XV·
309 1391 342 1434 C·
366 1389 513 1434 PLINIUS
544 1388 721 1435 ruunANo
749 1388 817 1434 8110
839 1391 868 1434 S.

147 1554 290 1663 SiQun
310 1586 447 1661 omnino,
467 1585 525 1647 hoc
539 1598 616 1648 certe
624 1584 740 1669 judicio
753 1582 843 1663 facio,
858 1588 938 1669 quod

148 1690 288 1753 Asinium
302 1690 420 1756 Rufum
440 1692 624 1775 smgulariter
646 1713 727 1756 amo.
771 1691 823 1756 Est
844 1693 940 1756 homo

147 1797 289 1872 eximius,
307 1798 337 1860 δι
351 1799 500 1861 bonorum
513 1795 739 1861 amantiffimus.
774 1796 842 1861 Cur
855 1799 937 1862 enim

147 1923 210 1965 non
232 1923 282 1964 me
296 1924 413 1987 quoque
434 1904 511 1967 inter
532 1899 818 1966 bonos'numerem?
847 1904 935 1970 Idem

148 2005 326 2072 Cornelium
349 2006 496 2073 Tacitum
519 2007 586 2094 (seis
607 2029 698 2093 quem
720 2003 832 2088 virum)
855 2010 936 2076 artta

146 2110 347 2177 familiaritate
360 2113 533 2197 complexus
545 2113 597 2177 est.
628 2112 767 2192 Proinde,
782 2113 803 2178 st
817 2126 935 2179 utrum·

146 2240 204 2304 que
226 2220 358 2283 nostriim
372 2222 490 2304 probas,
516 2223 554 2283 de
578 2216 664 2283 Rufo
684 2216 803 2305 quoque
815 2215 934 2285 'neceffe

146 2324 188 2386 est
209 2325 288 2388 idem
301 2324 418 2402 sentias,
442 2346 512 2389 cum
533 2325 567 2388 fit
581 2327 619 2388 ad
630 2318 844 2389 connetteidas
857 2329 934 2391 ami-

145 2428 230 2493 citias
251 2433 299 2494 vel
312 2430 526 2494 tenaciffimum
537 2429 705 2507 vinculum,
720 2451 839 2495 morum
853 2432 934 2497 fimi-

145 2535 250 2599 litudo.
296 2537 371 2601 Sunt
395 2538 423 2598 ei
447 2533 532 2600 liberi
553 2538 664 2621 plures.
707 2534 798 2602 Nam'
822 2539 854 2602 in
875 2541 934 2604 hoc

144 2661 263 2724 quoque
283 2638 406 2716 funitus
431 2642 471 2705 est
494 2643 599 2726 optimi
622 2642 696 2706 civis
717 2641 828 2720 officio,
852 2644 935 2727 quod

139 2735 339 2812 'foe'cunditate
353 2749 453 2812 uxoris
476 2750 555 2832 large
573 2744 633 2811 frui
654 2749 750 2812 voluit
767 2767 803 2811 eo
824 2745 932 2825 seculo,

144 2873 206 2935 quo
219 2847 361 2938 plerisque
374 2856 464 2917 etiam
478 2854 606 2937 singulos
618 2847 696 2919 filios
708 2853 842 2918 orbitatis
855 2871 932 2937 prte-

145 2956 208 3036 mia
228 2977 335 3040 graves
357 2956 488 3030 faciunt:
514 2960 623 3045 quibus
642 2960 693 3025 ille
710 2958 862 3045 despetiis,
882 2959 931 3022 avi
