2317 3767
203 254 268 357 aba
365 269 830 341 c.rr1u.rr1rroaar.

203 418 320 487 summa
341 425 497 505 gravitate,
517 424 640 491 ‹smnma
656 425 877 491 moderationez
906 435 997 488 emur

203 549 263 611 que
283 529 443 593 advocatus
463 529 632 595 Senecionis
645 529 852 614 &Eurythmi
864 529 993 605 dixisset,

204 631 414 717 suspicionibus
449 636 576 721 relinqui
613 654 689 713 reos,
723 636 781 698 nisa
808 636 992 709 audirentur,

204 736 272 803 Non
282 755 350 805 curo
365 738 486 824 (inquit)
500 766 537 805 an
552 741 565 803 i
586 742 599 804 i
609 740 818 828 suspicionibus
830 740 993 824 relinquam

204 857 266 920 tur,
287 868 339 928 ego
365 845 517 930 relinquor.
569 846 654 911 Dein
678 844 834 911 conversus
861 848 899 908 ad
924 867 995 924 nos,¹

204 946 388 1037 Ἐπιξασθε,
416 950 487 1036 quid
501 952 604 1036 facere
623 951 799 1017 debeamus?
840 951 893 1038 Isti
918 951 999 1015 enine

204 1056 286 1140 queri
297 1058 396 1121 volunt
409 1056 545 1142 quodstbi
555 1057 670 1122 licuerit
681 1082 734 1122 non
747 1056 899 1143 accusare.-
926 1070 994 1120 tum

204 1184 243 1225 ex
258 1161 399 1227 Consulis
413 1162 554 1226 sententia
573 1163 656 1249 jussit
680 1162 853 1226 denunciari
866 1161 993 1224 haredi-

207 1269 264 1333 bus
275 1268 427 1343 omnibus,
445 1279 497 1331 aut
510 1282 643 1351 agerent,
665 1279 717 1331 aut
734 1267 839 1351 singuli
852 1269 999 1351 approba-v

206 1385 272 1436 rent
282 1372 384 1437 causas
395 1395 457 1436 non
468 1374 589 1457 agendi,
598 1372 710 1456 alioqui
719 1372 747 1434 se
767 1374 815 1435 vel
828 1375 866 1435 de
879 1372 996 1434 calum-

206 1479 257 1541 nia
294 1481 570 1562 pronunciatururn.
630 1478 723 1541 Vides
755 1499 847 1563 quarn
869 1477 994 1554 bonesti,

206 1605 299 1668 quam
312 1582 404 1647 severi
417 1585 492 1660 dies,
504 1605 578 1667 quos
586 1584 807 1668 jucundissimae
815 1583 997 1647 re‘miffionee

204 1689 411 1772 sequebantur.
464 1689 695 1761 Adhibebamur
720 1691 852 1777 quotidie
884 1711 993 1758 coenae.

207 1794 282 1859 Erat
295 1796 425 1873 modica,
450 1794 471 1859 sr
495 1794 665 1881 Principem
689 1797 815 1879 cogitesr
844 1796 995 1859 interdum

205 1898 388 1984 iunoniam
414 1901 622 1978 audiebamus,
652 1902 801 1963 interdum
818 1901 996 1984 jucundiu-

206 2009 266 2070 mis
291 2007 475 2072 sermonibus
493 2028 554 2069 nox
576 2008 749 2070 ducebatur.
794 2004 920 2069 Summo
944 2009 993 2075 die

206 2113 387 2175 abeuntibus.
399 2112 485 2175 nobis
500 2114 605 2196 (quarn
620 2112 744 2195 diligens
758 2112 790 2175 in
804 2111 923 2181 Caesare
934 2113 993 2176 hu·

206 2215 366 2297 maritari)
387 2218 476 2280 xenia
489 2217 556 2281 sunt
569 2217 665 2280 misia.
711 2216 768 2281 Sed
782 2219 858 2280 mihi
877 2232 911 2282 ut
925 2239 994 2301 gra·

206 2323 283 2386 vitas
296 2323 511 2406 cognitionum,
530 2322 642 2388 consilii
655 2323 763 2398 honor,
783 2321 911 2387 suavitas
923 2324 992 2389 sun-

205 2427 375 2514 plicitasque
388 2428 555 2505 convicius,
571 2429 615 2493 ita
626 2430 711 2491 locus
723 2427 782 2512 ipse
796 2428 997 2513 perjucundur

205 2532 276 2599 suit.
332 2532 416 2596 Villa
439 2533 637 2618 pulcherrima
652 2534 788 2618 ,cingitur
815 2534 995 2605 viridiffimia

206 2642 299 2725 agris:
324 2640 463 2705 imminet
476 2641 569 2718 litori,
579 2641 666 2726 cujus
679 2640 711 2703 in
721 2638 785 2704 sinu
794 2661 887 2725 quam
898 2641 997 2707 maxi.-

207 2768 276 2825 mus
298 2759 399 2831 portus
420 2748 503 2819 uelut
526 2747 793 2830 amphitheatrum..
834 2745 938 2831 Hujus
956 2745 998 2815 ste

205 2851 330 2917 nistrum
354 2850 510 2915 brachium
537 2849 704 2919 firmissimo
726 2872 815 2935 opere
842 2853 997 2917 munitum

205 2956 266 3035 esta,
284 2957 430 3029 ,dextrum
442 2956 621 3027 elaboratur.
644 3018 647 3024 .
665 2955 706 3023 In
720 2978 772 3023 ore
784 2971 887 3043 pormr
901 2955 999 3023 insula
