2317 3767
181 259 281 348 ¹'aar
377 274 840 336 c'.rr1u.rnrsroiar.

219 430 318 491 nebat.
345 427 414 512 [Ibi
433 428 519 513 super
540 430 691 515 abjestum
711 434 839 496 linteum
854 422 1009 511 recubant,

218 532 309 596 semel
331 545 420 617 atque
436 535 546 597 iterum
571 533 713 618 frigidam
735 536 875 622 poposcit,
902 539 1012 602 haus1t-

219 659 294 723 que:
330 639 437 701 deinde
475 640 619 718 flammae,
655 642 905 727 flammarumque
935 665 1012 726 prae·

220 744 346 807 nuncius
361 747 435 806 odor
453 742 584 822 sulfuris,
609 748 683 810 alios
705 748 737 810 in
760 744 865 830 sugam
879 760 1011 823 vertunt,

221 850 361 914 excitavit
379 851 478 912 illum.
524 850 654 914 Innixus
678 851 768 914 servis
786 854 904 914 duobus
919 850 1012 913 assur·

220 954 308 1030 rexit,
327 955 358 1018 &
376 954 473 1017 statim
489 957 630 1031 concidit,
649 969 684 1019 ut
704 977 759 1039 ego
773 957 920 1040 conjesio,
935 955 1019 1047 cras·-

222 1060 294 1123 stote
323 1061 448 1143 caligine
473 1058 576 1143 spiritu
598 1059 756 1137 obstrusio,
779 1059 936 1145 clausoque
953 1060 1012 1123 sio-

223 1167 342 1241 macho,
358 1167 411 1249 qui
433 1166 477 1228 illi
500 1177 618 1241 natura,
646 1165 795 1229 invalidus
817 1166 848 1228 &
862 1162 1011 1247 angustus,

222 1272 253 1334 &
274 1267 444 1355 frequenter
457 1270 659 1333 interaestuans
672 1282 745 1333 erat.
791 1270 855 1335 Ubi
867 1271 929 1332 dies
944 1272 1012 1332 red·

222 1376 313 1451 ditus,
333 1376 359 1437 is
373 1377 411 1438 ab
422 1397 458 1437 eo
468 1396 559 1459 quem
580 1374 734 1438 novissime
747 1376 871 1450 viderat,
895 1375 1010 1450 tertius,
1106 1418 1108 1421 -

223 1501 329 1564 corpus
350 1481 508 1543 inventum
527 1480 567 1542 est
588 1481 749 1562 integrum,
776 1477 901 1542 ilsaesum
926 1500 1014 1563 oper·

224 1599 348 1669 tumque
370 1582 525 1661 utsuerat
548 1585 680 1647 indutus.
733 1584 867 1649 Habitus
882 1585 1013 1668 corporis

224 1688 392 1774 quiescenti,
418 1710 510 1772 quam
537 1686 681 1753 desunsio
708 1688 840 1752 similior.
886 1688 1014 1752 Interim

226 1793 339 1859 Miseni
349 1795 552 1878 ego&mater.
579 1790 636 1858 Sed
644 1796 721 1858 nihil
731 1798 769 1858 ad
783 1796 947 1872 historiam,
961 1817 1014 1858 nec
1084 1800 1091 1809 ’

225 1912 259 1962 tu
274 1901 366 1976 aliud,
379 1903 519 1985 quamde
532 1902 614 1965 exitu
625 1902 689 1986 ejus
703 1900 774 1964 scire
787 1901 915 1963 voluisti.
960 1900 986 1964 F
987 1903 1014 1964 i·

226 2026 296 2068 nem
310 2027 381 2088 ergo
401 2003 529 2069 faciam:
554 2027 651 2069 unum
668 2006 818 2090 adjiciam,
845 2007 946 2068 omnia
965 2027 1015 2068 me

225 2112 334 2195 quibus
347 2109 553 2187 interfueram,
569 2133 696 2195 quaequc
710 2110 820 2187 statim,
842 2131 914 2174 cum
927 2130 1015 2174 max·

227 2217 287 2279 ime
301 2237 371 2307 vera
389 2228 605 2292 memorantur,
628 2215 812 2290 audiveram,
833 2234 901 2278 vere
920 2212 1015 2298 perse-

226 2335 330 2386 cutum
343 2346 352 2385 :
365 2300 409 2382 'tu
423 2319 569 2403 potissima
582 2342 730 2405 excerpes.
774 2319 869 2384 Aliud
883 2319 924 2383 esi
934 2319 1015 2382 enim

226 2426 390 2512 epistolam,
410 2425 491 2488 aliud
505 2426 675 2490 historiam:
699 2428 781 2491 aliud
802 2427 910 2504 amico,
933 2427 1016 2489 aliud

228 2533 369 2598 omnibus
382 2530 516 2595 scribere.
562 2532 650 2596 Vale.
