2317 3767
234 237 299 319 464
404 256 875 309 c.1›tru,rr1sr.orrr.

331 526 466 570 Lxxxvt.
512 527 704 579 TRAJANUS
734 527 864 572 PL-INIO
897 526 925 570 S.

231 664 425 775 Porursm
443 730 504 772 non
518 710 641 784 haerere,
665 710 709 771 mi
730 707 864 771 Secunde
878 707 1024 770 cariffime

228 825 306 887 circa
320 827 363 900 id,
387 829 424 888 de
449 850 509 912 quo
531 849 580 890 me
601 826 814 890 consulendum
840 825 1020 900 existimasti,

228 952 298 994 cum
313 931 493 1015 proposrtum
516 955 620 996 meum
645 934 757 1018 optime
774 931 881 1007 noffes,
909 952 971 995 non
985 951 1024 992 ex

229 1050 325 1112 metu,
352 1057 406 1098 nec
427 1050 537 1101 terrore
562 1039 734 1112 hominum,
765 1050 817 1099 aut
844 1037 1023 1099 criminibus

228 1142 388 1226 majestatis
410 1144 606 1206 reverentiam
634 1144 751 1205 nomini
785 1163 854 1204 meo
893 1140 1019 1223 adquiri.

228 1245 348 1310 Orniffa
371 1269 441 1331 ergo
470 1269 504 1310 ea
525 1247 697 1331 quaestione,
718 1269 810 1331 quam
834 1268 895 1310 non
909 1246 1021 1308 admit·

227 1364 334 1429 terem,
360 1353 472 1415 etiamsi
493 1354 637 1436 exemplis
656 1354 856 1437 adjuvaretur,
884 1351 959 1413 ratio
973 1362 1020 1412 to-

227 1460 286 1520 tius
298 1460 394 1542 operis
404 1457 502 1521 effetii
522 1457 576 1519 sub
587 1479 658 1520 cura
671 1471 723 1519 tua
737 1456 906 1522 Cocceiano
923 1456 1020 1521 Dioni

228 1565 410 1627 excutiatur:
440 1584 511 1626 cum
525 1565 556 1626 &
570 1563 682 1626 utilitas
696 1563 824 1625 civitatis
839 1563 947 1646 exigat,
963 1582 1020 1624 nec

228 1683 281 1731 aut
294 1668 405 1732 recuset
416 1669 513 1744 Dion,
531 1681 583 1730 aut
598 1669 703 1730 debeat
713 1666 856 1731 recusare.

250 1899 253 1905 ’
308 1903 472 1949 Lxxxvll.
512 1901 545 1944 C.
569 1900 715 1944 PLINIUS
737 1899 795 1941 TR.
821 1898 901 1942 IMP·
924 1897 953 1942 8.

231 2048 434 2166 Rourrus
447 2094 583 2157 Domine
597 2094 614 2156 Ξ
629 2091 808 2157 Nicenfibus
822 2092 951 2177 publiee,
965 2109 1020 2174 per

227 2221 263 2262 ea
280 2220 349 2283 quae
370 2199 446 2260 mihi
460 2199 490 2260 &
505 2196 616 2261 sunt&
631 2199 739 2260 debent
757 2196 814 2260 effe
827 2196 1016 2272 santiiffima‚

226 2304 323 2377 idest,
350 2324 402 2386 per
430 2303 626 2364 aeternitatem
651 2315 734 2364 tuam
759 2301 954 2385 salutemque,
984 2313 1018 2363 ut

225 2407 325 2493 preces
353 2406 419 2469 suas
445 2409 483 2468 ad
508 2420 537 2468 te
558 2404 731 2491 perferrem,
757 2405 803 2469 fas
832 2429 893 2470 non
913 2408 1016 2490 putavi

225 2535 344 2597 negare,
376 2525 590 2597 acceptumque
622 2514 660 2574 ab
693 2513 742 2576 his
765 2513 915 2587 libellum,
945 2514 1018 2576 huie

226 2618 463 2704 epistolaejunxi.
