2317 3767
433 259 731 309 arunnrv.
917 242 975 327 167

180 399 257 478 rire,
281 421 389 486 meque
415 404 432 466 ai
454 403 581 488 pueritia
602 402 700 467 statim
725 399 881 477 fonnares,
908 404 975 465 lau·

180 510 263 585 dare,
286 511 437 594 talemque
451 511 549 594 qualis
562 530 644 574 nunc
666 508 752 574 uxori
769 529 846 571 meae
860 508 974 585 videor,

180 614 308 677 ominari
335 613 460 678 solebas.
513 614 663 680 Certatim
690 636 760 699 ergo
786 616 840 679 tibi
868 615 976 698 gratias

180 720 307 801 agimus.
353 720 432 803 Ego,
452 723 534 804 quod
545 722 629 784 illam
641 722 730 797 mihi,
754 722 817 796 illa,
833 723 913 806 quod
927 740 977 785 me

180 824 231 887 fibi
241 826 369 903 dederis,
389 825 469 910 quasi
484 826 614 889 invicem
628 827 762 910 elegeris.
809 825 898 890 Vale.

211 1057 264 1097 XX.
297 1055 331 1099 C.
356 1055 503 1101 PLINIUS
525 1055 625 1103 Nouo
648 1056 801 1103 MAXIMO
827 1058 894 1103 SUO
916 1059 944 1102 S.

183 1200 315 1329 Qum
338 1244 476 1310 senserim
495 1249 532 1309 de
545 1246 666 1331 fingulis
679 1249 763 1312 libris
777 1251 847 1327 tuis,
869 1263 976 1315 notum

174 1353 247 1430 tibi,
263 1366 298 1416 ut
307 1375 457 1438 quemque
467 1355 649 1437 perlegeram
660 1351 727 1416 feci.
755 1352 869 1438 Accipe
883 1376 975 1432 nunc,

181 1458 253 1542 quid
264 1460 302 1520 de
316 1457 457 1521 univerfis
467 1460 643 1543 generaliter
651 1460 797 1544 judicem.
836 1458 887 1522 Est
902 1481 976 1544 opus

182 1555 367 1646 pulchrum,¹
389 1564 535 1640 validum,
566 1585 645 1641 acre,
679 1563 817 1640 sublime,
845 1566 974 1643 varium,

183 1670 315 1751 elegans,
339 1690 461 1753 purum,
487 1670 661 1752 figuratum,
690 1667 848 1754 spatiolum
873 1670 975 1748 etiam,

182 1777 215 1840 δε
238 1796 308 1838 cum
333 1796 441 1859 magna
465 1789 517 1838 tua
541 1777 629 1838 laude
649 1773 805 1839 diffusum.
852 1774 892 1839 In
916 1797 977 1861 quo

182 1896 215 1946 tu
231 1882 342 1966 ingenii
355 1881 453 1958 simul,
472 1881 640 1966 dolorisque
664 1882 739 1943 velis
752 1880 886 1945 latissime
907 1903 976 1947 vec·

180 2004 230 2052 tus
245 2010 290 2066 es,
313 1988 345 2051 &
358 1988 468 2049 horum
482 2001 644 2072 utrumque
656 1987 786 2050 invicem
804 1987 977 2072 adjumento

181 2092 251 2157 fuit.
295 2092 383 2157 Nam
398 2093 493 2155 dolori
506 2091 721 2156 sublimitatem
739 2094 770 2157 ἃ
784 2094 977 2177 magnificen-

183 2202 256 2263 tiam
271 2198 446 2281 ingenium
469 2199 589 2280 ingenio
610 2199 675 2268 vim
695 2199 727 2262 ἂ
748 2200 976 2263 amaritudinem

182 2306 268 2368 dolor
281 2305 404 2367 addidit.
452 2303 540 2368 Vale.

185 2538 258 2581 xx1.
291 2536 324 2581 C·
351 2534 498 2580 PLINIUS
526 2533 640 2580 vnuo
662 2533 822 2580 CEREALI
846 2535 913 2581 SUO
938 2537 967 2581 S.

183 2683 379 2795 Tamen
410 2730 442 2793 δε
468 2729 610 2791 acerbum
637 2725 738 2791 casum
766 2724 979 2791 Helvidiarum
1007 2710 1010 2716 ’

184 2833 335 2899 sororum!
363 2846 487 2917 utraque
498 2836 515 2899 i
528 2846 627 2918 partu,
648 2847 773 2918 utraque
782 2831 877 2895 liliam
891 2832 979 2895 enixa

185 2941 312 3005 decelirt.
358 2938 484 3004 Afficior
498 2942 613 3018 dolore,
628 2960 682 3003 nec
696 2953 797 3004 tamen
811 2936 897 3022 supra
911 2958 978 3002 mo-

262 3058 264 3064 s
541 3046 583 3111 M
604 3063 627 3125 4
