2317 3767
407 281 699 328 araneax.
884 261 945 348 387

148 424 346 512 judicandum
361 424 413 501 est,
434 425 632 489 immodicum
654 423 690 488 fit
704 443 744 486 an
758 425 881 507 grande,
902 423 948 485 al·

152 543 219 594 tum
239 552 277 593 an
291 551 425 594 enorme.
470 529 573 615 Atque
594 542 629 593 ut
650 529 823 595 Homerum
837 528 947 614 potiffi·

151 654 239 701 mum
272 638 428 720 attingam,
452 657 545 721 quem
569 639 692 700 tandem
715 636 888 699 alterutram
913 635 945 697 in

148 742 368 826 partempotest
382 739 485 826 fugere
522 736 525 740 ’

212 882 364 898 ---
381 850 484 931 Βράχε
499 849 525 915 δ’
540 848 630 931 sepau
643 846 742 930 χθόν,
819 857 822 861 ’

210 945 317 1036 Ἀμφὶ
334 956 361 1021 δ’
375 953 541 1037 ἐσάλπιγξε
557 952 659 1037 μέγας
675 950 787 1035 ἐρανός.

151 1057 192 1123 Et
484 1060 487 1067 '

184 1157 266 1245 Ἤερι
281 1157 308 1229 δ’
318 1159 428 1243 ἔγχΘν
448 1161 591 1231 ἐκέκλιτο.

152 1269 192 1334 Et
206 1282 305 1332 totum
320 1271 413 1332 illud:

6 1440 8 1457 q
89 1447 91 1451 ¹
189 1365 239 1448 Ὠς
250 1363 278 1441 δ’
288 1374 338 1442 ὅτε
348 1368 494 1462 χεῖμαᾷῥοι
504 1377 637 1458 ποταμοὶ
648 1370 714 1442 κατ’
723 1375 820 1459 ὄρεσφι
827 1371 943 1456 ῥέοντες,
1061 1364 1063 1369 '

185 1478 234 1555 Ἐς
246 1484 423 1564 μισγάΐκαιιν
436 1485 642 1564 συμξάλλετον
656 1482 797 1567 ὅμξριμον
806 1476 884 1566 ὕδωρ·
910 1532 911 1535 ,

148 1589 206 1653 Sed
226 1611 300 1673 opus
315 1589 355 1652 est
374 1590 556 1655 examine&
573 1583 661 1666 libra,
689 1583 873 1653 incredibilia
887 1587 942 1650 fint
983 1594 985 1635 Γ

146 1697 223 1771 haec,
252 1689 460 1771 &immania‚
491 1717 530 1758 an
559 1696 718 1779 magnifica
742 1698 773 1759 δι
797 1688 938 1757 coelestia.

146 1800 217 1865 Nec
240 1815 320 1863 nunc
335 1822 391 1884 ego
416 1822 466 1864 me
487 1801 535 1863 his
555 1800 661 1863 finilia
675 1813 727 1862 aut
750 1792 866 1873 dixiffe,
889 1813 941 1861 aut

145 1905 225 1990 poffe
239 1905 336 1969 dicere
353 1919 437 1991 puto,
461 1926 522 1968 non
538 1900 580 1968 ita
595 1904 727 1967 insanio:
747 1902 796 1966 sed
813 1905 871 1966 hoc
893 1898 940 1965 in·

144 2005 239 2095 telligi
264 2012 345 2088 volo,
374 2008 517 2074 laxandos
541 2009 599 2073 effe
624 2010 801 2093 eloquentiae
826 2006 938 2085 frenos,

145 2137 200 2179 nec
215 2115 414 2200 angustissimo
435 2136 508 2202 gyro
530 2111 719 2199 ingeniorum
743 2117 871 2200 impetus
892 2135 939 2178 re-

144 2218 328 2305 fn‘ngendoe
374 2214 497 2287 Etenim
530 2222 590 2285 alia
614 2216 745 2285 conditio
773 2210 937 2296 oratorum,

144 2324 204 2389 alia
217 2329 384 2410 poetarum.
430 2328 524 2414 Quafi
537 2350 609 2391 vero
624 2328 675 2392 M.
690 2327 816 2392 Tullius
835 2324 936 2390 minus
985 2386 989 2393 .

145 2434 263 2508 audeat,
287 2454 458 2518 quanquam
481 2436 563 2498 hune
586 2435 704 2510 omitto,
734 2453 831 2517 neque
854 2432 936 2494 enim

146 2534 258 2620 ambigi
271 2551 354 2622 puto.
393 2538 450 2601 Sed
466 2539 684 2604 Demosthenes
696 2538 754 2622 ipse
766 2535 817 2601 ille
831 2557 938 2600 norma

120 2674 124 2677 ·
143 2639 279 2718 oratoris,
303 2644 334 2706 ἃ
353 2645 466 2726 regula,
490 2661 566 2708 num
586 2643 614 2707 se
627 2642 747 2707 cohibet
763 2643 795 2706 δι
808 2643 936 2726 compri-

144 2746 202 2810 mit
214 2768 286 2812 cum
296 2749 370 2811 dicit
382 2748 434 2812 illa
446 2744 605 2827 notiffima,
625 2745 757 2832 ἅνθρωποι
770 2750 872 2830 μικροὶ,
888 2752 937 2815 καὶ

144 2852 271 2927 κόλικες,
293 2858 343 2920 καὶ
362 2850 506 2938 ἅλαίςορες.
551 2851 593 2919 Et
605 2855 715 2932 rursus,
736 2850 757 2921 ε’
778 2854 834 2940 aab
853 2856 936 2929 λίθοις

145 2960 277 3040 &atione
290 2959 347 3045 τὴν
356 2961 440 3029 πόλιν
454 2958 475 3027 a'
486 2959 518 3027 δὲ
528 2963 652 3037 abidon
662 2957 732 3043 ἐγώ.
774 2960 816 3028 Et
825 2962 935 3041 statim,

236 3090 242 3099 ·
500 3066 605 3133 Cea
