2317 3767
231 256 293 327 330
423 252 869 299 c.1²a1u.a·1²rsaoaan.

222 394 295 458 scit:
320 416 355 458 ac
383 416 437 479 per
465 397 522 459 hoc
547 396 686 478 quaedam
711 394 900 457 custodienda
925 415 1023 479 praeg-

224 501 364 563 nantibus
387 502 511 577 omittit,
527 499 599 565 facit
617 501 802 569 omittenda:
832 521 924 583 quem
939 523 1021 566 erro-

222 626 286 667 rem
312 608 428 688 magnis
452 606 636 668 detrimentis
651 606 793 688 expiavit,
820 606 852 668 in
866 605 1021 669 summum

222 711 388 794 perieulum
402 712 541 774 addueta.
588 711 684 793 Igitur
699 724 732 772 ut
748 708 861 773 necesse
880 710 932 787 est,
950 732 1019 794 gra·

219 817 295 876 viter
319 817 444 899 accipias
470 817 651 880 senediutem
675 828 772 891 tuam,
802 816 883 900 quasa
907 818 1017 899 paratis

221 921 339 1004 posteris
357 922 536 999 destitutam,
560 922 598 984 fic
613 924 702 984 debes
713 942 798 1003 agere
813 922 884 984 Diis
894 923 1014 1003 gratias,

221 1030 302 1112 quod
316 1029 358 1090 ita
382 1029 438 1092 tibi
461 1030 496 1090 in
517 1026 671 1110 praesentia
693 1039 867 1108 pronepotes
886 1048 1015 1109 negave-

220 1146 302 1209 runt,
322 1133 517 1196 ut.servarent
531 1145 663 1214 neptem,
680 1133 747 1193 illos
762 1132 921 1193 reddituri:
939 1153 1015 1214 quo-

218 1260 286 1301 rum
301 1241 388 1301 nobis
405 1237 486 1322 spem
505 1238 660 1299 certiorem
675 1238 740 1298 haec
753 1235 825 1318 ipsa,
842 1256 1013 1318 quanquam

217 1346 323 1431 parum
350 1343 484 1427 prospere
514 1334 676 1425 explorata,
719 1338 900 1403 foecunditas
929 1338 1010 1403 facit.

220 1448 330 1512 Iisdem
345 1471 425 1512 nunc
445 1469 500 1530 ego
513 1461 554 1523 te,
581 1448 690 1530 quibus
709 1445 805 1529 ipsum
825 1468 875 1507 me
897 1448 1009 1524 hortor,

217 1577 337 1630 moneo,
361 1555 518 1618 confirmo
571 1553 682 1637 Neque
705 1552 786 1613 enim
806 1552 955 1617 ardentius
978 1564 1011 1621 tu

215 1673 402 1743 pronepotes,
426 1681 518 1742 quam
544 1680 600 1741 ego
624 1659 732 1720 liberos
761 1658 869 1740 cupio:
902 1657 1010 1741 quibus

215 1766 318 1826 videor
333 1767 350 1828 a
365 1786 433 1828 meo
448 1779 558 1848 tuoque
573 1765 664 1825 latere
684 1783 814 1845 pronum
829 1763 866 1823 ad
880 1763 1009 1824 honores

214 1870 281 1947 iter,
297 1872 328 1933 δι
341 1872 377 1932 ad
398 1871 498 1932 audita
511 1870 601 1931 latius
616 1869 750 1943 nomina,
772 1869 803 1930 δι
817 1888 878 1930 non
897 1865 1007 1929 subitas

212 1976 356 2057 imagines
371 1976 537 2038 relidiurus
581 1973 753 2038 Nascantur
768 1975 870 2048 modo,
882 1973 912 2034 ἃ
927 1973 1008 2033 hunc

212 2079 344 2142 nostrum
360 2080 493 2142 dolorem
512 2080 622 2163 gaudio
636 2092 763 2141 mutent.
810 2076 898 2139 Vale.

275 2331 330 2374 x1.
362 2330 395 2373 C.
416 2330 564 2373 PLINIUS
595 2331 784 2375 HISPULLAE
811 2332 886 2374 SUAE
910 2332 939 2374 S·

214 2471 325 2584 CUM
339 2519 480 2584 affedlum
492 2536 579 2585 tuum
594 2544 662 2607 erga
675 2519 775 2583 fratris
786 2521 881 2583 filiam
892 2521 1003 2603 cogito,

209 2629 300 2692 etiam
323 2642 456 2690 materna
480 2628 665 2710 indulgentia
686 2628 867 2700 molliorem,
891 2627 1003 2687 intelli-

208 2756 246 2819 go
260 2736 341 2819 prius
355 2734 421 2810 tibi,
446 2735 526 2817 quod
547 2733 588 2795 est
602 2732 754 2814 posterius,
783 2731 1001 2808 nunciandum,

208 2856 242 2903 ut
259 2840 437 2924 praesumpta
450 2839 553 2901 laetitia
573 2837 750 2900 solicitudini
765 2838 865 2899 locum
881 2857 942 2898 non
954 2857 1003 2898 re-

205 2948 337 3031 linquat:
364 2965 537 3030 quanquam
561 2964 675 3019 vereor,
699 2964 737 3004 ne
756 2942 818 3025 post
845 2940 1000 3024 gratulati·
