2317 3767
210 253 271 335 246
399 264 846 330 caururarsrbrna.
952 300 956 307 =

150 492 152 495 ¹
210 414 350 490 Proinde,
369 414 391 479 fi
408 418 533 500 poenitet
554 428 584 479 te
610 415 784 479 Italicorum
805 416 997 499 praediorum,

210 522 268 583 hoc
284 521 432 583 vendendi
446 533 574 605 tempus,
604 533 668 583 tarn
693 521 835 597 Hercule,
858 542 950 605 quam
967 520 1000 582 in

210 627 372 711 provinciis
401 627 604 710 comparandi,
641 629 715 689 dum
740 628 832 690 iidem
851 626 1001 691 candidati

114 812 119 821 1
211 732 272 794 illic
287 731 431 808 vendunt,
447 744 481 795 ut
495 732 547 795 hle
562 744 675 794 emant.
722 730 810 795 Vale.

260 962 320 1006 XX·
365 963 398 1007 C·
424 962 570 1006 PLINIUS
604 958 789 1004 CORNELIO
818 960 959 1005 uncl'ro

546 1065 613 1110 SUO
638 1067 666 1110 8·
740 1072 744 1080 '

215 1211 311 1322 A1s
337 1272 366 1320 te
394 1258 555 1321 adductum
579 1259 683 1333 literis,
709 1278 782 1340 quas
807 1260 936 1341 exigenti
949 1259 1003 1321 tibi

214 1365 252 1426 de
275 1377 371 1428 morte
391 1364 532 1427 avunculi
555 1357 615 1425 mei
630 1361 735 1446 scripsi,
761 1384 868 1446 cupere
882 1362 1003 1446 cognos-

212 1467 302 1545 scere,
318 1491 393 1553 quos
407 1491 462 1552 ego
477 1467 590 1531 Miseni
605 1468 724 1530 relictus
740 1469 782 1552 (id
797 1469 879 1531 enirn
894 1466 1003 1550 ingres·

215 1573 262 1637 sus
276 1576 347 1638 litus
361 1569 550 1659 abruperam)
567 1593 629 1635 non
650 1571 747 1636 solum
771 1586 868 1636 metus
900 1592 1006 1635 verum

216 1681 305 1742 etiarn
314 1678 395 1742 casus
405 1679 587 1761 pertulerim.
610 1677 1005 1765 ,Quanquamanimusmemi-

216 1781 281 1871 niffe
289 1783 395 1859 horret,
408 1783 550 1869 incipiam.
569 1782 709 1848 Profedlo
717 1786 877 1861 avunculo,
890 1784 948 1868 ipse
958 1806 1005 1846 re·

217 1891 332 1972 liquum
353 1902 469 1974 tempus
483 1889 584 1954 studiis
605 1891 683 1975 (ideo
699 1892 780 1952 enim
792 1886 1005 1968 remanseram)

146 2006 151 2012 ’
216 1994 362 2077 impendi,
378 2015 450 2057 mox
465 1996 629 2071 balineum,
645 2015 743 2073 coena,
763 1994 882 2059 somnus
890 1997 1005 2080 inquie-

217 2100 420 2161 tusdrbrevis.
448 2099 634 2162 Praecesserat
643 2122 695 2184 per
705 2102 816 2163 multos
825 2100 886 2163 dies
896 2113 1008 2164 tremor

216 2218 303 2266 terrae
316 2205 416 2266 minus
431 2201 651 2282 formidolosae,
662 2207 732 2289 quia
747 2204 924 2289 Campaniae
937 2203 1006 2267 soli·

216 2322 287 2372 tus:
319 2310 371 2371 illa
395 2331 466 2373 vero
492 2310 578 2372 nodie
593 2312 634 2373 ita
647 2311 785 2386 invaluit,
810 2321 918 2389 utnon
940 2330 1024 2371 mo--
1069 2310 1072 2315 ⁴

219 2414 282 2477 veri
296 2416 409 2491 omnia,
436 2415 484 2477 sed
506 2417 598 2478 everti
622 2417 819 2478 crederentur.
864 2414 1009 2498 Inumpit

219 2521 391 2584 cubiculum
420 2543 524 2585 meum
549 2533 662 2584 mater:
685 2521 841 2603 surgebam
864 2521 1027 2597 invicem,

220 2624 423 2710 fiquiesceret,
446 2629 635 2690 excitaturus.
680 2624 856 2688 Resedimus
881 2626 913 2688 in
940 2614 1010 2690 area

220 2734 340 2809 domus,
352 2754 420 2815 quae
431 2753 513 2795 mare
527 2735 544 2795 a
558 2733 644 2794 tectis
657 2733 775 2794 modico
789 2731 882 2815 spatio
894 2732 1008 2794 divide·

184 2906 187 2911 ,
220 2838 283 2901 bat.
310 2836 429 2901 Dubito
442 2836 636 2899 constantiam
650 2857 767 2913 vocare,
779 2858 822 2899 an
836 2837 1009 2919 impruden-

169 2937 172 2944 ’
221 2943 295 3005 tiam
318 2943 464 3004 debeam:
487 2943 612 3024 agebam
636 2942 717 3004 enim
739 2940 1010 3004 duodevicesimum
