2317 3767
395 281 415 325 t.
439 282 450 326 ι
477 280 540 326 sn
564 281 585 326 a
633 279 705 328 vn.
879 258 940 345 287

152 436 250 510 partes
269 425 373 500 libelli,
399 424 447 488 sed
467 438 565 488 totum
591 412 728 486 libellum
744 420 940 504 improbabis,

150 528 326 614 negabisque
341 531 431 593 ullius
455 532 541 616 pretii
555 529 625 608 elle,
647 527 734 613 cujus
750 525 878 612 pretium
896 546 943 589 re-

152 635 286 718 posceris.
333 635 420 700 Vale.

221 868 310 913 xm.
347 867 380 912 C·
408 868 556 913 PLlNIUS
586 864 717 910 moe!
746 864 814 912 SUO
835 865 865 910 80

154 1000 314 1121 Ennnm
331 1058 502 1142 epistola&
526 1058 639 1120 studere
653 1071 683 1121 te
701 1058 732 1122 &
754 1055 942 1121 nonstudere

151 1163 316 1255 significata
349 1164 526 1247 AEnigmata
548 1165 665 1247 loquor,
693 1164 735 1226 ita
757 1163 857 1247 plane,
885 1165 940 1225 do-

152 1289 208 1332 nec
230 1268 393 1333 distineiius
407 1272 488 1354 quod
506 1267 600 1332 lentio
623 1269 793 1332 enunciem.
837 1268 941 1352 Negat

153 1377 235 1438 enim
247 1390 276 1438 te
290 1377 423 1440 studere:
446 1376 495 1438 sed
510 1376 551 1438 est
566 1389 630 1439 tam
646 1375 750 1460 polita,
770 1394 839 1457 quae
856 1373 940 1438 nisit

152 1481 285 1545 studente
296 1504 359 1546 non
377 1483 470 1566 potest
491 1482 594 1546 scribi:
617 1494 716 1545 autes
730 1494 763 1544 tu
776 1479 862 1562 super
873 1498 943 1542 om-

55 1579 58 1585 ’
152 1606 207 1649 nes
217 1589 333 1664 beatus,
354 1587 375 1650 fi
394 1590 465 1652 talia
478 1610 530 1673 per
543 1587 684 1651 desidiam
704 1588 735 1651 &
758 1587 856 1649 otium
873 1605 941 1668 per-

153 1692 228 1755 ficis.
274 1692 363 1755 Vale.

208 1923 291 1968 XIV·
320 1923 354 1967 C.
377 1923 527 1969 PLINIUS
548 1920 740 1968 comum
768 1920 843 1967 SUB
866 1922 895 1969 Β.

153 2069 232 2181 Tu
248 2116 372 2201 quidem
393 2114 602 2192 honestissimej
627 2117 707 2199 quod
724 2129 787 2178 tam
811 2113 941 2200 impense

153 2223 184 2286 &
194 2243 279 2305 rogas
289 2222 319 2285 δι
331 2221 437 2304 exigis,
450 2234 483 2283 ut
503 2222 596 2305 accipi
606 2221 731 2306 jubeam
743 2224 761 2286 ai
772 2234 801 2285 te
814 2223 941 2306 pretium

154 2348 291 2410 agrorum
312 2348 372 2390 non
401 2347 439 2388 ex
462 2325 650 2410 septingentis
675 2327 819 2404 millibus,
838 2327 943 2412 quanti

153 2432 221 2495 illos
246 2434 264 2495 εἶ
284 2433 390 2496 liberto
409 2453 491 2508 meo,
510 2432 559 2495 sed
573 2454 611 2495 ex
625 2432 793 2516 nongentis,
808 2433 943 2517 quantia

154 2538 318 2620 publicanis
330 2552 444 2622 partem
467 2538 636 2601 vicesimam
654 2537 760 2601 emisti.
806 2536 943 2600 Invicem

155 2626 211 2726 ego
231 2644 262 2708 δι
284 2665 358 2727 rogo
380 2645 411 2708 ὅτ
425 2645 524 2725 exigo,
546 2656 580 2705 ut
601 2664 663 2706 non
681 2642 778 2706 solum
799 2643 872 2725 quid
900 2653 942 2716 te,

154 2770 260 2813 verum
278 2750 369 2812 etiam
394 2749 467 2832 quid
492 2768 542 2810 me
566 2750 669 2811 deceat
690 2747 822 2832 aspicias,
847 2747 943 2830 patia-

153 2853 248 2939 risqffi
262 2857 355 2918 mein
375 2855 433 2919 hoc
449 2876 509 2918 uno
528 2854 583 2917 tibi
601 2856 707 2918 eodem
721 2855 824 2916 animo
837 2870 943 2938 repug·

154 2978 237 3036 nare,
259 2982 320 3045 quo
334 2962 367 3032 in
375 2961 518 3041 omnibus
533 2959 653 3043 obsequi
668 2958 757 3022 soleo.
802 2952 891 3022 Vale.
