2317 3767
402 267 594 313 ursan
637 268 669 310 x.
875 243 937 331 463

147 414 248 498 coepit.
308 409 424 475 Contra
453 409 550 485 Dion,
578 421 611 471 ut
637 408 788 471 audiretur
808 405 935 489 exigere.

149 520 242 584 Didia
256 516 323 580 sunt
337 515 472 597 utrinque
482 515 589 590 multa,
601 514 692 575 etiam
703 515 740 576 de
751 510 847 574 causa.
873 510 945 594 Ego¹

146 646 218 687 cum
242 624 371 684 dandam
392 621 578 696 dilationem,
603 621 634 682 ἃ
656 617 868 682 consulendum
884 637 937 678 ex·

144 730 308 792 istimarem
335 728 367 788 in
390 748 421 788 re
443 727 481 786 ad
504 725 676 808 exemplum
690 723 859 806 pertinenti,
876 723 938 784 dixi

36 841 39 844 ’
147 835 263 917 utrique
278 833 364 917 parti,
384 844 417 894 ut
442 831 674 915 postulatIonum
687 830 807 891 suarum
822 829 938 901 libellos¹

144 942 257 1002 darent.
295 937 453 1013 Volebam
468 935 549 997 enim
564 948 592 996 te
608 934 737 1018 ipsorum
752 934 935 1017 potissimum

149 1045 259 1121 verbis,
289 1064 324 1105 ea
345 1063 413 1126 quae
432 1055 521 1103 erant
542 1041 699 1124 proposita,
723 1037 937 1121 recognoscere.

57 1211 60 1216 .
149 1149 190 1213 Et
205 1149 290 1213 Dion
301 1148 423 1231 quidem
435 1145 462 1207 se
474 1148 617 1216 ⁴daturum
629 1146 715 1220 dixit,
730 1146 760 1208 &
772 1143 939 1228 Eumolpus

150 1254 307 1337 respondit,
322 1234 561 1335 vcomplexurum
582 1250 611 1314 se
632 1252 745 1327 libello,
768 1271 837 1333 quae
865 1249 939 1312 Rei-

149 1361 276 1444 publicae
299 1369 419 1442 peteret.
465 1355 621 1421 Caeterum
643 1356 724 1439 quod
750 1358 789 1417 ad
813 1354 939 1439 sepultos

150 1466 289 1549 pertinet,
319 1484 380 1524 non
398 1462 597 1525 accusatorem
620 1461 660 1539 se,
684 1456 731 1525 sed
762 1463 939 1525 aduocatum

152 1570 251 1634 Flavii
262 1568 418 1651 Archippi,
442 1569 526 1653 cujus
543 1570 684 1630 mandata
697 1566 858 1651 pertulisset
879 1564 940 1628 Ar-

149 1677 285 1758 chippus.
314 1673 377 1739 Cui
389 1674 557 1758 Eumolpus
571 1673 643 1736 ficut
655 1672 763 1735 Prusrae
777 1671 938 1746 adsistebat,

149 1783 236 1856 dixit,
253 1779 281 1842 se
295 1780 429 1841 libellum
444 1780 596 1842 daturum.
630 1778 678 1843 Ita
691 1799 746 1839 nec
760 1776 939 1859 EumolpuS,
1031 1814 1034 1818 .

51 1954 53 1958 ,
150 1907 205 1948 nec
220 1885 401 1967 Archippus,
419 1882 648 1967 quamplurimis
664 1884 768 1945 diebus
783 1882 939 1965 expediati,
1022 1955 1024 1959 y

76 2043 78 2047 ,
149 1993 247 2055 adhuc
268 1990 343 2051 mihi
371 1990 488 2052 libellos
517 1991 672 2051 dederunt.
733 1989 818 2055 Dion
846 1989 940 2064 dedit,

148 2118 240 2181 quem
258 2095 330 2157 huic
347 2094 475 2178 epistolae
488 2094 590 2180 junxi.
636 2093 702 2178 Ipse
717 2094 748 2156 in
764 2116 794 2156 re
808 2092 942 2178 praesenti

149 2199 207 2277 sui,
222 2203 252 2265 &
267 2200 329 2263 vidi
343 2222 462 2286 quoque
476 2200 602 2264 statuam
630 2202 660 2262 in
686 2200 867 2264 bibliotheca
887 2221 941 2284 po·

149 2307 246 2371 fitam.
273 2307 330 2370 ..ld
350 2319 462 2382 autem,
486 2307 517 2369 in
538 2328 599 2391 quo
620 2307 760 2371 dicuntur
773 2305 876 2389 sepulti
889 2305 943 2366 filii

137 2413 226 2496 ejus,
252 2412 283 2474 ἃ
303 2432 378 2474 uxor
392 2411 514 2486 Dionis,
538 2412 570 2473 in
586 2433 653 2474 area
667 2413 858 2486 collocatum,
875 2431 943 2493 quae

149 2516 310 2600 porticibus
324 2516 495 2578 includitur.
531 2515 585 2579 Te
598 2516 733 2580 Domine
748 2537 831 2599 rogo,
847 2530 880 2578 ut
894 2536 943 2577 me

151 2623 183 2684 in
197 2622 255 2684 hoc
268 2621 415 2705 praecipue
434 2641 540 2702 genere
556 2621 733 2704 cognitionis
751 2642 851 2704 regere
876 2623 943 2704 dig·

17 2716 18 2719 *
150 2728 241 2803 neris,
258 2747 329 2789 cum
347 2726 480 2809 alioquin
503 2747 612 2809 magna
636 2726 670 2788 srt
695 2727 878 2808 expectatio:
911 2738 945 2787 ut

151 2831 263 2897 necesse
274 2831 319 2907 srt,
336 2831 368 2893 in
382 2852 417 2893 ea
431 2851 474 2906 re,
496 2852 564 2914 quae
578 2832 609 2894 δι
628 2832 660 2892 in
674 2827 838 2895 confessum
850 2830 943 2905 venit,

150 2940 181 3006 δι
195 2938 339 3023 exemplis
352 2933 532 3016 defenditur,
553 2936 725 3001 deliberare.
