2317 3767
236 273 300 342 454
405 258 876 318 c.rnrn.irr1srornr.

237 416 269 480 δε
292 415 363 499 quia
385 434 456 477 vera
470 414 505 477 ’ἃ
526 417 685 478 emendata
701 414 736 476 in
760 413 873 479 scriniis
895 415 955 478 tuis
972 413 1043 479 effe

236 523 405 585 credebam.
451 532 453 536 “

431 752 545 797 Lxxn.
581 752 642 796 Tu.
668 751 794 798 PLINIO
823 751 854 794 S.

242 897 452 1027 Quns'rro
475 943 527 1007 ista
540 965 609 1028 quae
628 945 754 1028 pertinet
768 947 805 1007 ad
830 964 891 1018 eos,
913 941 966 1026 qui
992 941 1036 1003 li·

237 1048 301 1111 beri
318 1049 380 1110 nati
403 1049 535 1133 expositi,
557 1050 665 1113 deinde
687 1050 794 1132 sublati
809 1051 826 1112 i
840 1048 1034 1132 quibusdam,

237 1155 269 1218 &
291 1155 323 1216 in
345 1153 482 1218 servitute
497 1156 614 1217 educati
628 1153 706 1230 sunt,
727 1153 802 1243 saepe
823 1155 947 1216 traslata
971 1152 1035 1217 esti

238 1260 464 1343 necquicquam
483 1261 633 1324 invenitur
647 1260 678 1322 in
693 1260 916 1323 commentariis
927 1280 1036 1323 eorum

238 1367 407 1450 principum
426 1367 479 1450 qui
494 1377 563 1429 ante
585 1388 634 1428 me
651 1363 793 1441 suerunt,
811 1368 892 1450 quod
905 1368 943 1427 ad
962 1386 1035 1427 om·

238 1491 292 1535 nes
313 1470 480 1555 provincias
501 1472 536 1537 fit
557 1471 761 1536 constitutum.
807 1471 945 1555 Epistolae
962 1470 1036 1534 sane

239 1577 306 1642 sunt
332 1575 508 1644 Domitiani
539 1580 576 1641 ad
613 1576 761 1642 Avidium
783 1578 963 1660 Nigrinum,
1002 1579 1035 1641 &

239 1683 422 1748 Armenium
447 1683 630 1760 Brocchum,
656 1707 724 1770 quae
748 1680 867 1747 sortasse
885 1685 1035 1747 debebant

239 1789 407 1854 observari:
437 1789 486 1852 sed
500 1791 641 1854 intereas
656 1791 837 1874 provincias,
863 1794 901 1853 de
921 1792 1033 1874 quibus

241 1894 392 1979 rescripsit,
412 1896 525 1960 nonest
539 1895 692 1981 Bithynia.
738 1896 778 1960 Et
792 1897 859 1959 ideo
877 1918 933 1959 nec
943 1897 1034 1960 affer-

240 2003 356 2065 tionem
369 2004 574 2085 denegandam
589 2003 637 2080 iis,
658 2004 710 2085 qui
732 2024 770 2065 ex
783 2001 929 2087 ejusmodi
947 2002 1032 2066 causa

240 2109 271 2169 in
285 2107 452 2170 libertatem
467 2107 708 2184 vindicabuntur,
723 2121 807 2192 puto,
828 2129 924 2193 neque
938 2107 1031 2192 ipsam

242 2213 410 2276 libertatem
424 2213 630 2300 redimendam
639 2214 735 2297 pretio
745 2216 968 2278 alimentorum.

247 2430 249 2435 ’
331 2445 462 2491 uxxnr.
499 2446 532 2490 c.
553 2446 700 2491 rrimus
725 2447 783 2492 nn.
810 2446 890 2491 nur.
913 2446 942 2489 s.

186 2663 190 2668 ·
244 2597 288 2706 P
290 2657 492 2705 ETENTIBUS
507 2639 684 2728 quibusdam
701 2654 734 2704 ut
746 2639 799 2703 fibi
813 2640 952 2723 reliquias
965 2629 1030 2703 sun-

242 2771 323 2827 rum,
337 2764 389 2813 aut
399 2761 516 2833 propter
531 2747 672 2832 injuriam
683 2745 844 2822 vetustatis,
854 2761 906 2809 aut
916 2758 1031 2830 propter

226 2853 228 2856 ⁴
242 2855 376 2919 fluminis
394 2852 557 2932 incursum,
584 2854 701 2937 aliaque
712 2852 759 2915 his
771 2850 878 2914 similia
888 2871 1028 2936 quaecun·

242 2984 301 3047 que
316 2962 477 3026 secundum
503 2961 677 3046 exemplum
700 2956 910 3043 proconsulum
938 2948 1028 3020 trans
