2317 3767
214 252 278 346 346
377 274 411 322 c.
438 266 554 323 ritu.
579 271 836 322 rrrsrorinn.

211 416 311 481 secuta
339 416 565 481 matrimonium
602 419 759 482 videbatur
788 416 1012 493 divitis'senia}

211 523 255 588 ita
274 523 381 607 perditi
406 525 526 600 morbo,
556 537 591 587 ut
611 524 669 587 effe
687 524 777 588 taedio
798 520 891 608 posset
909 524 1010 599 uxori,

212 650 306 713 quam
326 629 447 713 juvenis
470 628 613 714 sanusque
627 630 763 693 duxisset.
807 627 1010 713 Quippeom*

213 733 303 797 nibus
324 734 469 798 membris
488 736 669 798 extortus&
688 732 812 811 iratius,
826 747 925 796 tantas
938 755 1011 817 opes

212 837 283 902 solis
304 840 402 915 oculis
418 840 539 904 obibat:
569 861 604 902 ac
622 862 660 903 nc
681 840 713 903 in
738 840 849 903 lediulo
871 838 1008 923 quidem,

214 943 267 1006 nifi
291 946 331 1008 ab
353 946 419 1009 aliis
439 947 626 1009 movebatur.
670 945 848 1030 Qrinetiam
877 943 1009 1030 (foedum

215 1048 474 1135 miserandumque
497 1047 593 1129 dictu)
613 1052 715 1113 dentes
729 1052 873 1113 lavandos
897 1047 1009 1111 frican-

214 1154 324 1238 dosque
336 1157 499 1238 praebebat.
542 1153 694 1219 Auditum
722 1155 763 1219 est
783 1153 952 1239 frequenter
968 1157 1009 1218 ab

215 1260 289 1345 ipso,
312 1282 382 1324 cum
396 1275 566 1345 quereretur
582 1264 619 1324 de
640 1260 829 1325 contumeliis
849 1261 1024 1323 debilitatio

214 1365 286 1443 iuae,
312 1366 342 1430 se
369 1366 477 1451 digitos
501 1366 653 1430 servorum
668 1367 789 1431 suorum
803 1367 934 1451 quotidie
948 1366 1008 1429 lin·

214 1494 294 1558 gere.
323 1469 455 1535 Vivebat
464 1487 578 1549 tamem
593 1473 735 1537 &vivere
745 1475 875 1550 volebat,
898 1472 1008 1535 susten·

216 1590 297 1642 tante
310 1577 443 1640 maxime
456 1598 560 1654 uxore,
581 1601 650 1662 quae
662 1580 782 1662 culpam
797 1579 927 1642 inchoati
942 1601 1008 1642 maa

214 1684 349 1747 trimonii
362 1684 394 1745 in
407 1682 534 1766 gloriam
545 1682 758 1767 perseverantia
769 1698 904 1748 verterat.
940 1686 1009 1749 Ha·-

212 1792 270 1853 bes
295 1807 402 1854 omnes
419 1785 537 1852 fabulas
565 1791 658 1852 urbis.
702 1789 789 1854 Nam
808 1789 875 1853 sunt
890 1792 1009 1853 venales

214 1896 329 1958 tabulae
354 1893 467 1971 Tulli3
489 1895 661 1979 expediatur
673 1897 783 1960 audiio.
829 1896 902 1959 Fuit
927 1898 1010 1961 euim

214 2006 281 2063 tam
293 1997 439 2083 copiosus,
451 2012 486 2063 ut
498 2000 690 2085 ampliffimos
704 2002 818 2078 hortos,
830 2004 936 2064 eodem
949 2020 1010 2086 qno

215 2119 331 2168 emerat
349 2106 409 2182 die,
434 2102 601 2169 instruxerit
613 2106 792 2190 piurimis&
803 2106 1011 2192 antiquiffimir

213 2211 329 2275 statuis.
373 2210 516 2274 Tantum
537 2212 584 2274 illi
602 2212 870 2294 pulcherrimorum
883 2228 1009 2296 operum

214 2319 249 2381 in
277 2317 401 2393 horreis,
421 2338 489 2401 quae
514 2317 748 2399 negligebantur.
796 2317 932 2380 invicem
961 2330 1008 2394 tu,

216 2423 327 2509 iiquid
356 2422 417 2486 istic
442 2421 561 2506 epistola
574 2423 711 2505 dignum,
739 2444 777 2486 ne
796 2444 919 2506 gravare
939 2422 1010 2485 scri-
1048 2493 1054 2507 ⁸

212 2532 310 2593 ‘nerra¹
342 2527 430 2593 Nam
444 2549 514 2593 cum
535 2548 621 2593 aures
635 2529 795 2592 hominum
806 2531 938 2592 novitate
954 2531 1010 2593 lae÷

215 2648 330 2713 tantur,
353 2646 420 2698 tum
440 2637 477 2697 ad
491 2634 637 2697 rationem
653 2634 723 2697 vitae
744 2636 887 2723 exompiis
909 2637 1010 2701 erudi-

215 2753 300 2805 mur.
345 2739 433 2804 Vale.
958 2744 962 2749 '
