2317 3767
377 296 691 350 utnuuvn.
867 300 976 367 297·

142 446 251 530 pariter
263 446 440 530 accipimus.
481 443 563 530 Quae
577 445 681 508 omnia
701 445 762 508 huc
789 441 932 527 speetant,

144 565 179 614 ut
203 551 331 614 invicem
345 550 497 615 ardentius
511 550 683 633 diligamus,
703 569 774 613 cum
797 560 843 611 tot
865 549 932 610 vin-

143 658 219 719 culis
231 677 285 720 nos
299 657 404 733 studia,
420 676 530 732 mores,
543 652 638 732 fama,
650 653 787 749 suprema
806 655 934 740 denique

9 754 10 757 ¹
131 762 303 827 'hominum
315 762 429 846 judicia
447 759 656 843 constringant.
702 759 791 823 Vale·

159 991 235 1036 XXI.
261 991 294 1035 C.
315 991 461 1040 PLINIUS
479 989 652 1036 CORNUTO
672 991 785 1041 tusco
802 989 869 1035 SUO
892 988 921 1031 S.

148 1141 304 1260 Panno,
324 1183 437 1265 collega
449 1180 605 1258 carissime,
624 1181 656 1245 δι
684 1180 849 1243 infirmitati
862 1201 936 1244 ocu·

149 1291 272 1365 lorum‚·
288 1299 321 1351 ut
338 1288 437 1371 jubes,
464 1285 595 1365 consulo.
640 1285 727 1352 Nam
741 1287 772 1348 ἃ
785 1286 845 1349 huc
858 1286 937 1348 teuo

90 1438 92 1441 ψ
147 1394 286 1457 vehiculo
308 1393 440 1475 undique
469 1390 610 1467 inclusus,
637 1390 717 1475 quafi
741 1392 773 1453 in
799 1390 938 1452 cubiculo

149 1500 282 1584 perveni,
297 1499 328 1560 δι
342 1519 404 1560 non
418 1497 491 1581 stylo
505 1500 608 1573 modo,
636 1516 742 1559 verum
764 1496 855 1559 etiam
876 1496 937 1557 lec·

148 1604 293 1679 tionibus,
308 1601 477 1691 difficuiter‚
492 1599 541 1664 sed
555 1601 697 1677 abstineo,
716 1598 840 1684 solisque
858 1600 938 1673 aun'-

149 1711 206 1772 bus
232 1707 344 1782 studeo,
369 1707 505 1770 cubicula
517 1707 655 1770 obduttis
667 1707 742 1770 velis
756 1726 859 1790 opaca,
882 1722 938 1768 nec

149 1825 251 1877 tamen
276 1810 397 1874 obscura
419 1810 506 1876 facio.
552 1811 798 1896 Cryptoporticus
819 1833 938 1896 quoque

148 1918 296 2001 adopertis
310 1914 498 1979 inferioribus
517 1915 661 1994 fenestris,
677 1930 793 1982 tantum
810 1912 938 1995 umbra,

148 2035 296 2108 quantum
319 2022 441 2084 luminis
464 2023 566 2086 habet.
612 2021 660 2086 sic
675 2023 818 2107 paulatim
840 2025 938 2087 lucem

148 2127 224 2192 ferre
253 2125 400 2191 condisco.
443 2126 604 2190 Balineum
625 2127 752 2205 assumo,
778 2129 848 2211 quia
869 2149 938 2213 pro·

150 2233 227 2297 dest:
248 2233 367 2308 vinum,
380 2232 450 2314 quia
460 2253 521 2296 non
536 2244 636 2310 nocet,
648 2233 810 2317 parciffime
823 2246 937 2299 tamen.

153 2338 203 2401 Ita
230 2336 352 2413 affuevi,
376 2338 406 2401 δι
432 2358 512 2400 nunc
526 2338 621 2401 custos
634 2337 723 2402 adest.
768 2338 957 2415 Gallinam,-

153 2455 187 2506 ut
200 2445 218 2506 a
232 2455 260 2505 te
276 2441 392 2505 miffam
405 2441 532 2506 libente'r
545 2444 655 2526 accepi,
676 2464 767 2527 quam
781 2442 849 2507 satis
864 2444 939 2506 acri-

151 2550 209 2612 bus
222 2549 326 2623 oculis,
352 2568 525 2635 quanquam
549 2550 648 2612 adhuc
668 2549 766 2633 lippis,
789 2548 940 2633 pinguiffi·

152 2674 235 2717 mam
248 2653 323 2718 vidi.
370 2651 458 2716 Vale.
