2317 3767
429 232 717 294 urnunrm
907 247 965 314 ῃι

173 392 283 474 quibus
296 391 397 454 nullus
416 386 556 466 faciendi,
580 411 649 475 quae
663 389 765 454 audire
779 387 966 453 erubescunt.

173 495 215 560 Et
229 496 280 557 ille
293 496 413 580 quidem
428 495 572 579 praestitit,
596 498 676 579 quod
691 497 870 579 rogabatur:
895 489 969 559 smess

171 603 224 664 bat
237 601 322 664 fides.
367 592 460 669 Liber
473 613 588 678 tamen,
609 613 644 664 ut
658 599 774 664 fassum
788 599 886 685 ipsum
901 600 966 665 ma-

169 718 232 782 net,
258 707 462 792 manebitque,
485 708 658 791 legeturque
671 705 786 791 semper
800 719 885 773 tanto
899 724 965 770 ma·

169 804 319 897 gis,'quia
333 834 394 876 non
409 812 519 875 statim.
566 810 736 877 Incitantur
758 813 840 875 enim
865 812 965 876 homi-

169 939 223 981 nes
234 919 272 980 ad
284 916 486 1000 cognoscenda
499 938 567 1000 quae
586 914 775 981 differuntur.
820 915 909 981 Vale.

219 1145 356 1193 xxvnl.
391 1145 424 1191 C·
450 1144 594 1190 PLINIUS
618 1142 774 1190 ROMANO
796 1145 863 1191 SUO
884 1148 914 1192 S.

172 1295 281 1407 Posr
300 1340 425 1422 longum
440 1353 569 1422 tempus,
594 1335 727 1420 epistolas
740 1349 819 1415 tuas,
841 1338 890 1402 sed
904 1352 962 1403 tres

169 1447 276 1530 pariter
290 1446 398 1528 recepi,
421 1464 527 1509 omnes
541 1441 781 1526 elegantissimas,
800 1445 962 1508 amantissi-

171 1572 247 1628 mas,
264 1551 410 1633 &quales
425 1547 444 1612 ai
458 1562 487 1612 te
502 1548 605 1611 venire
618 1547 778 1632 praesertim
792 1548 964 1613 desideratas

170 1658 342 1741 oportebat:
369 1676 497 1739 quarum
516 1674 577 1718 una
602 1655 732 1740 injungis
755 1656 832 1718 mihi
851 1656 963 1740 jucun-

170 1762 320 1825 dissimum
335 1759 543 1837 ministerium,
561 1772 596 1823 ut
608 1763 646 1824 ad
659 1761 823 1837 Plotinam,
843 1760 962 1823 sanclis·

169 1868 273 1931 simam
290 1862 463 1943 foeminam,
485 1866 580 1928 literae
593 1877 654 1930 tuae
668 1865 871 1951 perferantur:
895 1887 961 1949 per-

169 1972 320 2036 ferenturz
347 1972 453 2033 eadem
477 1974 671 2035 commendas
697 1971 847 2055 Popilium
869 1972 960 2035 Arte-

50 2165 53 2169 ,
168 2080 298 2156 misrum,
321 2077 419 2140 statim
438 2075 556 2159 praestiti
570 2080 650 2162 quod
664 2080 792 2163 petebat.
839 2077 960 2142 Indicas

168 2187 258 2249 etiarn
272 2185 405 2246 modicas
420 2193 449 2244 te
464 2183 630 2246 vindemias
645 2183 802 2267 collegisse,
821 2204 971 2255 commu,

167 2291 214 2353 nis
228 2288 293 2353 hkaec
311 2289 388 2352 mihi
402 2301 514 2366 tecum,
538 2310 710 2373 quanquam
725 2290 756 2353 in
771 2288 960 2352 diverfiffima

167 2407 249 2477 parte
273 2407 431 2468 terrarum,
456 2396 576 2477 querela
604 2394 655 2457 est.
707 2394 813 2458 Altera
840 2392 961 2477 epistola

167 2499 290 2562 nuncias
316 2500 411 2561 multa
424 2510 454 2564 te
479 2520 560 2563 nunc
580 2500 703 2577 dictare,
729 2498 957 2576 nuncscribere,

167 2604 274 2688 quibus
289 2624 345 2665 nos
358 2603 413 2665 tibi
426 2603 625 2686 repraesentes.
665 2604 788 2670 Gratias
800 2625 868 2688 ago,
890 2625 958 2687 age·

167 2729 233 2773 rem
257 2710 364 2792 magis,
390 2707 411 2771 fi
436 2729 485 2771 me
508 2711 561 2773 illa
585 2708 657 2793 ipsa,
682 2730 750 2794 quae
772 2708 884 2784 scribis,
907 2721 959 2771 aut

167 2817 274 2894 ditias,
294 2818 390 2900 legere
403 2814 552 2879 voluisses.
597 2814 641 2880 Et
658 2828 721 2878 erat
735 2826 908 2898 aequum-ut
929 2827 959 2877 te

166 2930 246 2999 mea,
267 2922 309 2985 ita
330 2941 380 2985 me
393 2932 445 2983 tua
458 2920 564 3003 scripta
582 2919 767 3003 cognoscere,
793 2919 905 2984 etiamst
919 2920 958 2983 ad

523 3024 585 3089 Cc
605 3043 628 3102 4
