2317 3767
386 288 605 345 'ar-aaa
651 289 709 337 vr.
815 284 820 291 ·
905 286 966 357 233

182 451 254 495 cura
266 431 407 495 mandata
424 430 475 494 est.
520 430 606 495 Subit
619 430 867 515 indignationum
880 427 970 495 mise-

182 537 315 599 ratione:
338 535 401 619 post
413 537 564 598 decimum
574 537 679 599 mortis
690 550 805 598 annum
818 535 969 618 reliquias,

183 641 407 724 negledlumque
419 642 551 705 cinerem
569 641 629 705 fine
646 642 746 717 titulo,
767 641 827 703 srne
847 641 970 707 nomine

177 745 395 830 jacere,⁴cujus
420 747 564 809 memoria
590 749 694 810 orbem
712 757 858 808 terrarum
875 747 970 829 gloria

183 863 368 933 pervagetur.
413 850 457 913 At
484 851 536 913 ille
556 854 761 926 mandaverat,
782 864 968 935 caver-atque,

182 968 216 1017 ut
230 956 367 1022 divinum
381 956 456 1018 illud
474 957 504 1019 ἃ
529 958 697 1019 immortale
710 952 826 1019 saelum
838 956 969 1022 ventibus

180 1059 406 1122 inscriberetur:
567 1129 572 1134 ⁸
668 1083 672 1091 ¹

202 1163 345 1249 chſstus
359 1166 397 1249 est
412 1163 527 1248 Rufus,
537 1163 616 1250 pulso
630 1165 679 1248 qui
694 1164 809 1229 Wndt'ce
819 1166 967 1248 quondam,

244 1268 397 1354 Imperium
410 1269 526 1355 offeruit
539 1293 592 1332 non
600 1269 634 1355 fi
650 1269 673 1345 i,
688 1268 869 1353 sedpotriae.

181 1373 268 1438 Tam
282 1395 347 1436 rara
361 1375 392 1436 in
411 1375 550 1437 amicitiis
560 1374 645 1449 fides,
671 1386 734 1436 tam
740 1384 849 1456 ‚parata
857 1375 971 1440 oblivio

182 1492 380 1556 mortuorum,
398 1492 432 1544 ut
452 1479 503 1563 ipsi
517 1479 604 1544 nobis
619 1481 780 1542 debeamus
792 1478 884 1541 etiam
896 1499 971 1542 eon-

182 1585 289 1646 ditoria
312 1585 469 1661 exstruere,
502 1585 661 1668 omniaque
690 1584 845 1647 haeredum
872 1581 971 1647 officia

182 1684 368 1770 praesumere.
399 1689 487 1751 Nam
501 1690 549 1751 cui
562 1710 624 1752 non
639 1688 679 1750 est
692 1690 866 1766 verendum,
888 1692 970 1774 quod

182 1792 320 1855 videmus
338 1791 470 1854 accidiffe
486 1792 642 1875 Virginio?
666 1794 751 1877 cujus
773 1792 913 1876 injuriam
935 1809 970 1860 ut

181 1897 390 1980 indigniorem,
410 1897 448 1961 fic
468 1899 559 1960 etiarn
580 1897 728 1964 notiorem
753 1896 839 1981 ipfiue
851 1900 968 1971 claritat

183 1999 265 2067 facit.
313 2002 400 2066 Vale.

267 2233 324 2282 xl.
357 2230 391 2276 C.
416 2228 563 2281 PLINIUS
587 2231 745 2280 MAXIMO
767 2232 882 2284 SUOS.
922 2254 935 2283 ¹.

182 2375 242 2488 O
265 2440 359 2485 urunt
383 2422 508 2486 laetum!
539 2423 690 2487 adhibitus
717 2425 750 2486 in
770 2425 925 2490 confilium
949 2424 968 2488 ὲ

181 2524 322 2612 praefedlo
343 2527 426 2589 urbis
439 2528 542 2590 audivi
566 2549 605 2590 ex
618 2528 732 2592 diverso
744 2543 864 2613 agentes
886 2530 967 2597 sum·

181 2653 242 2695 mae
254 2631 323 2716 spei,
339 2629 464 2695 summae
475 2634 583 2695 indolis
594 2633 720 2717 juvenes
734 2636 821 2710 duos,
839 2633 973 2697 Fuscumv

181 2730 388 2812 Salinatorem,
407 2731 639 2815 &JNumidium
660 2737 863 2821 Quadratum,
885 2757 968 2819 egre-

179 2843 264 2926 gium
284 2842 350 2926 par,
376 2863 430 2905 nec
455 2844 546 2905 modo
566 2843 750 2925 temporibus
774 2840 890 2916 nostris,
918 2840 968 2905 sed
1084 2894 1086 2899 .

179 2949 273 3011 literis
287 2946 354 3030 ipsis
368 2958 545 3009 ornamento
560 2944 708 3010 futurum.
753 2944 838 3009 Mira
851 2945 967 3030 utrique
