2317 3767
408 263 668 314 ururux.
872 262 931 333 431

147 408 318 496 potuerint:
338 411 393 474 erit
412 422 513 473 autem
535 409 586 472 vel
609 411 669 472 hoc
694 407 825 470 maxime
845 406 937 468 corri-

147 519 291 600 gendum,
317 518 397 601 quod
419 517 470 600 qui
489 515 623 578 damnati
636 516 675 576 ad
697 533 820 596 poenam
839 527 935 586 erant,

148 642 211 686 non
232 623 323 684 modo
342 642 378 685 ea
398 620 458 684 sme
478 620 611 697 auclore,
638 632 673 682 ut
693 618 807 693 scribis,
822 616 938 679 liberati

149 726 230 791 sunt:
256 726 303 790 sed
320 729 410 790 etiam
425 728 456 790 in
478 727 680 790 conditionem
694 725 854 807 proborum
876 721 936 783 mi·

147 831 304 897 nistrorum
330 833 529 895 retrahantur.
579 831 644 915 Qn
671 830 760 913 igitur
783 829 862 919 intra
882 827 937 889 hoe

146 939 299 1022 proximos
312 941 415 1001 decem
429 959 524 1027 annos
537 938 683 1012 damnati,
707 953 767 999 nec
787 937 851 998 ullo
871 936 936 997 ido·

148 1062 207 1104 neo
219 1042 337 1106 auclore
356 1043 471 1105 liberati
495 1041 573 1119 sunt,
598 1044 654 1104 hos
679 1043 825 1125 oportebit
838 1061 937 1124 poenee

148 1145 208 1209 suae
232 1146 332 1209 reddi:
363 1146 384 1209 s1
412 1146 463 1230 qui
485 1145 656 1209 vetustiores
681 1146 879 1219 invenientur,
906 1146 937 1208 &

147 1250 240 1327 senes,
257 1266 325 1314 ante
337 1271 433 1313 annos
448 1252 550 1313 decem
573 1250 718 1323 damnati,
729 1249 937 1311 distribuamus

146 1353 214 1419 illos
223 1356 254 1419 in
263 1377 298 1418 ea
306 1355 476 1431 ministeria,
491 1375 560 1437 quae
568 1375 629 1417 non
640 1354 726 1436 longe
737 1355 756 1416 ἃ
769 1374 859 1436 poena
868 1352 934 1415 fint.

152 1454 256 1523 Solent
268 1461 350 1523 enim
372 1458 516 1545 ejusmodi
538 1459 576 1521 ad
590 1459 754 1534 balineum,
777 1458 815 1519 ad
829 1477 936 1540 purgu-

149 1564 245 1628 tiones
259 1568 438 1643 cloacarum,
458 1566 531 1627 item
553 1563 734 1627 munitiones
758 1561 887 1637 viarum,
905 1564 936 1627 δι

147 1669 282 1733 vicorum
298 1670 373 1732 dari.

267 1896 362 1944 xm.
398 1898 432 1943 C.
456 1896 604 1943 PLINIUS
625 1897 685 1941 Tu.
703 1894 830 1942 mm.

151 2038 263 2154 Con
280 2086 425 2152 diversam
444 2101 559 2172 partem
573 2086 734 2172 provinciae
745 2087 935 2151 circumirem

58 2208 63 2219 ·
146 2190 337 2257 Nicomediae
350 2191 543 2257 vastisfimum
562 2195 734 2258 incendium
748 2195 856 2258 multas
872 2195 935 2277 pri·

146 2310 283 2361 vatorum
301 2302 418 2374 domos,
440 2300 471 2362 &
493 2301 553 2362 duo
580 2300 699 2383 publica
717 2320 816 2382 opera,
838 2318 934 2382 quan·

147 2421 238 2483 quam
253 2405 303 2466 via
320 2404 520 2488 interjacente,
543 2402 701 2468 Genuam
719 2405 751 2468 ἃ
777 2402 859 2469 Ilion
880 2404 934 2465 ab·

147 2504 281 2591 sumpsit.
320 2507 371 2572 Est
392 2523 493 2573 autern
516 2511 605 2573 latius
619 2508 765 2594 sparsum:
789 2511 934 2593 primurn,

148 2610 291 2674 violentia
309 2613 402 2689 venti,
425 2615 541 2690 deinde,
556 2616 662 2678 inertia
669 2615 839 2692 hominum,
854 2616 934 2699 quod

145 2713 213 2778 satir
237 2717 359 2793 constat,
385 2717 492 2782 otiosos
519 2720 549 2782 &
577 2719 746 2782 immobiles
767 2719 841 2782 tanti
862 2719 934 2782 mali

146 2819 321 2903 speciatores
341 2822 501 2906 perstitille,
522 2824 553 2886 &
570 2823 682 2907 alioqui
695 2825 796 2886 nullus
809 2821 933 2907 usquam
966 2872 970 2877 .

147 2924 179 2986 in
194 2926 314 3008 publico
339 2926 431 3011 fipho,
457 2927 541 2991 nulla
553 2928 655 3005 hama,
676 2928 793 2992 nullum
806 2928 933 3013 denique
