2317 3767
212 250 275 316 144
394 251 858 300 e·PL1N.ul’lsTOLAR.

210 392 314 459 saltem
339 393 495 479 ingenium
513 393 579 478 ejus
598 393 699 480 aliqua
723 416 761 458 ex
784 409 869 480 parte
896 396 1008 482 ati'equi

210 496 331 587 poffim!
375 499 434 565 Sed
448 499 606 576 nimirum,
625 498 776 585 quaesunt
793 501 827 564 in
841 521 937 567 manu
951 503 1008 567 ho·

210 607 341 683 minum,
364 607 395 671 ἃ
418 605 506 682 mihi,
532 606 564 669 ἃ
583 607 687 669 multis
700 607 905 690 contigerunt:
933 608 1010 673 illud

210 734 294 790 vero,
312 725 346 776 ut
358 710 478 799 adipisci
493 712 632 787 arduum,
654 711 692 774 fic
716 713 806 775 etiam
827 711 941 797 sperare
959 715 1009 777 ni·

138 847 140 852 ·
210 816 369 896 miumest,
385 818 467 903 quod
480 817 671 880 darinonnih
685 817 884 903 idiispotest.
915 818 1006 883 Vale.

328 1051 375 1097 lx.
420 1049 455 1094 C·
481 1049 631 1094 PLINIUS
655 1048 747 1094 URSO
765 1049 833 1096 SUO
856 1051 885 1095 S.

212 1198 400 1315 Causast
421 1264 474 1329 per
497 1243 555 1307 hos
577 1242 641 1306 dies
663 1243 739 1307 dixit
759 1242 862 1327 Julius
891 1240 1006 1319 Bassus,

209 1354 304 1418 homo
318 1348 492 1428 laboriosus,
518 1351 550 1415 ἃ
564 1349 691 1414 advertis
716 1350 775 1414 suis
790 1353 899 1414 clarus.
942 1348 1009 1414 Ac·

210 1457 327 1524 cusatus
352 1456 393 1519 est
414 1455 467 1520 sub
484 1454 663 1539 Vespafiano
685 1458 703 1520 i
722 1457 845 1540 privatis
864 1458 1004 1522 duobus:
1118 1511 1122 1516 .

210 1567 250 1629 ad
264 1564 409 1629 Senatum
428 1560 564 1625 remissus
578 1562 631 1624 diu
644 1564 797 1647 pependit,
826 1566 1008 1648 tandemque

210 1670 362 1738 absolutus
375 1666 600 1753 vindicatusque
615 1666 667 1731 est.
711 1667 826 1734 Titum
844 1670 958 1748 timuit,
973 1684 1008 1734 ut

212 1774 382 1843 Domitiani
397 1773 534 1838 amicus:
564 1776 583 1838 a
599 1775 779 1839 Domitiano
793 1777 939 1860 relegatus
953 1774 1005 1851 est,

209 1894 362 1947 revocatus
374 1878 392 1944 ὲ
406 1880 514 1945 Nerva
526 1906 535 1944 ε
564 1878 741 1966 sortitusque
755 1880 941 1967 Bithyniam,
957 1902 1006 1944 re·

209 1987 266 2052 diit
279 2008 358 2051 reus.
404 1985 567 2051 Accusatus
581 2007 644 2051 non
658 1987 759 2051 minus
774 1990 891 2064 acriter,
914 2008 1007 2072 quam

208 2092 337 2157 fideliter
371 2090 528 2157 defensus:
567 2094 665 2156 varias
697 2093 856 2157 sententias
887 2093 1006 2171 habuit,

208 2200 308 2284 plures
321 2213 435 2276 tamen,
450 2197 530 2284 quasi
544 2199 689 2263 mitiores.
735 2199 806 2283 Egit
818 2212 921 2263 contra
934 2220 1006 2264 eum

208 2304 395 2390 Pomponius
420 2301 533 2383 Rufus,
563 2306 611 2369 vir
634 2318 753 2390 paratus
773 2307 806 2370 &
829 2307 1003 2370 vehemens.

210 2408 295 2475 Ruso
320 2408 449 2476 suoceffit
474 2410 693 2496 Theophanes,
721 2433 799 2476 unus
820 2433 859 2476 ex
887 2414 1005 2497 legatis,

207 2518 343 2603 princeps
356 2519 388 2582 δι
402 2514 455 2582 sax
469 2517 662 2582 accusationis
676 2520 708 2583 dc
726 2519 821 2603 origo.
853 2517 1006 2603 Respondi

206 2646 275 2710 ego.
290 2624 381 2690 Num
396 2625 472 2688 mihi
487 2623 592 2690 Bassus
606 2624 788 2709 injunxerat,
801 2636 836 2688 ut
845 2625 938 2689 totius
952 2626 1006 2689 de-

99 2761 103 2770 ·
207 2729 349 2797 sensionis
377 2728 576 2795 fundamenta
600 2731 754 2815 jacerem?
802 2731 933 2795 dicerem
967 2731 1006 2794 de

207 2838 392 2904 omamentis
410 2836 481 2914 suis,
495 2858 565 2924 quae
575 2838 621 2901 illi
634 2839 718 2903 &ex
731 2838 847 2920 generis
860 2839 1005 2915 claritate,

205 2945 239 3009 dt
252 2966 291 3008 ex
304 2944 443 3029 periculis
456 2942 524 3029 ipsis
542 2963 654 3027 magna
678 2957 786 3008 erant=
818 2945 948 3008 dicerem
966 2946 1005 3007 de
