2317 3767
865 5 1130 12 er

383 255 573 301 arnan
620 256 679 302 vr.
901 253 962 321 223

163 395 279 480 paffim,
294 398 324 462 dt
339 397 467 462 invaluit
480 395 672 473 consuetudo,
695 395 782 459 binas
799 394 849 457 vel
868 393 967 481 fingu-

164 504 209 565 las
224 501 399 587 clepsydras,
426 505 576 567 interdum
598 505 628 568 ἃ
650 502 803 577 dimidias,
828 500 964 565 &dandi

164 610 196 672 dc
215 610 345 691 petendi.
391 609 477 673 Nam
491 611 522 673 δε
536 611 589 694 qui
600 611 715 685 dicunt,
731 606 819 692 egisse
831 609 962 683 malunt,

166 733 258 796 quam
274 735 379 798 agere:
396 717 428 779 ἃ
442 717 494 799 qui
509 716 645 791 audiunt,
668 714 754 778 finire
767 735 860 798 quam
877 713 962 800 judi·

166 841 242 884 care.
281 820 393 885 ‘Tanta
410 823 603 905 negligentia,
627 833 710 884 tanta
733 819 853 897 defidia,
879 832 963 883 tanta

166 918 293 1010 denique
322 927 513 989 irreverentia
540 927 717 1004 studiorum,
746 926 963 1011 periculorum·

167 1014 225 1115 que
242 1031 292 1093 est.
320 1031 371 1094 An
385 1053 441 1095 nos
455 1031 642 1115 sapientiores
656 1033 820 1117 majoribus
837 1031 959 1097 nostris?

167 1158 223 1201 nos
244 1137 360 1219 legibus
383 1136 449 1221 ipsis
464 1137 611 1220 justiores,
632 1159 700 1220 quae
723 1150 768 1201 tot
790 1139 890 1216 horas,
915 1149 961 1202 tot

168 1244 243 1331 dies,
258 1256 303 1306 tot
316 1241 642 1326 comperendinationes
656 1243 822 1325 largiuntur
837 1244 847 1303 l
891 1241 959 1307 He-

167 1350 250 1414 betes
265 1350 321 1427 illi,
339 1351 370 1413 δε
394 1348 479 1434 supra
498 1349 625 1411 modum
648 1348 744 1410 tardi?
788 1345 859 1410 Nos
876 1367 960 1429 aper-

167 1454 226 1518 tius
254 1456 393 1532 dicimus,
423 1455 547 1518 celerius
574 1453 780 1538 intelligimus,
802 1451 962 1534 religiosus

165 1560 347 1644 judicamus,
368 1562 419 1645 qui
434 1562 623 1645 paucioribus
645 1556 803 1644 clepsydris
826 1554 961 1640 praecipi·

170 1677 270 1727 tamus
292 1666 405 1741 causas,
428 1688 518 1749 quam
533 1667 639 1729 diebus
655 1664 794 1748 explicari
815 1660 958 1726 solebant.

173 1766 205 1833 Ο
221 1767 348 1851 Regule,
358 1770 410 1853 qui
424 1772 585 1835 ambitione
598 1773 636 1834 ab
645 1768 959 1845 omnibusobtinebar,

171 1875 252 1958 quod
266 1873 336 1937 fidei
351 1875 513 1958 paucissimi
526 1873 681 1959 praeliant!
726 1873 876 1959 Equidem
884 1894 960 1958 quo·
1013 1918 1015 1927 ι

171 1982 227 2045 ties
233 1980 351 2066 judice,
376 1983 457 2065 quod
479 1983 528 2044 vel
555 1981 660 2065 saepius
673 1977 856 2066 facioquam
879 1978 959 2057 dicO,

170 2101 318 2171 quantum
355 2088 421 2171 quis
449 2088 614 2172 plurimum
641 2087 767 2172 postulat
793 2107 880 2172 aquae
905 2087 957 2150 do.

36 2224 38 2227 ·
173 2192 294 2257 Etenim
319 2194 514 2257 temerarium
538 2193 673 2258 existimo
697 2194 841 2271 divinare,
868 2212 961 2278 quam

172 2297 293 2382 spatiosa
314 2299 348 2363 fit
372 2300 459 2363 causa
476 2301 621 2377 inaudita,
650 2297 822 2383 tempusque
843 2300 961 2385 negotio

174 2402 270 2479 finite,
289 2406 375 2490 cujus
389 2409 516 2470 modum
540 2406 676 2489 ignoresz
707 2403 867 2489 praesertim
889 2425 960 2469 etun

174 2510 306 2591 primum
324 2512 458 2595 religioni
474 2511 534 2575 suae
547 2512 642 2597 judex
654 2510 827 2595 patientiam
842 2510 960 2587 debeat,

173 2634 242 2697 quae
259 2635 325 2698 pars
340 2635 449 2700 magna
463 2616 586 2701 justitiae
598 2615 649 2679 est.
693 2614 738 2679 At
750 2617 889 2700 quaedam
911 2613 961 2677 su·

174 2739 319 2802 pervacua
342 2722 505 2798 dicuntur,
535 2723 646 2787 etiam:
678 2720 727 2784 sed
755 2720 844 2783 satius
867 2715 908 2780 est
930 2718 961 2782 δι

173 2826 239 2891 haec
251 2826 322 2903 dici,
343 2847 436 2910 quam
448 2847 510 2890 non
521 2828 579 2890 dici
591 2827 758 2891 necessaria.
803 2823 960 2900 Praeterea,

174 2930 283 3007 anfint
302 2930 492 3017 supervacua,
513 2932 566 2996 nisr
580 2953 651 2996 cum
665 2931 804 3009 audieris,
819 2928 890 3003 scire
901 2950 961 2994 non
