2317 3767
357 266 606 321 erm
652 271 795 318 vn.v
912 270 972 339 ⁹95

176 409 317 496 vultuque
328 409 446 479 sedibus
461 412 520 476 suis
531 411 646 479 ruitura
659 411 745 496 supra
759 411 888 490 ridetur,
904 414 974 478 licet

177 520 276 587 adhue
290 518 418 602 posteroe
430 520 550 585 haheat.
596 519 730 604 Qumis
751 518 834 582 enim
853 519 972 583 virtuti.

177 628 247 701 bus,
265 623 438 709 qtuurtiqu
451 621 538 688 faeiie
553 624 751 709 affequentur,
776 635 810 687 ut
830 625 896 687 haec
911 646 973 687 non

178 731 334 796 noviffima
352 731 509 795 occiderit?
554 730 612 795 Me
640 731 763 814 quidem
781 729 856 792 illud
881 730 972 799 etiam

176 838 291 921 adfligit
304 839 334 901 ἃ
351 849 480 921 torquet,
496 837 577 919 quod
586 848 714 898 matrem
721 835 800 919 ejus,
814 834 899 897 illam
913 834 973 917 (ni-

176 942 220 1005 hil
233 941 350 1026 possum
365 940 505 1005 illustrius
519 936 629 1019 dicere)
650 952 742 1004 tantae
755 937 892 1007 foeminae
905 961 971 1003 ma·

176 1060 252 1110 trem
278 1045 377 1110 rursus
400 1046 511 1110 ‘videor
543 1046 690 1124 amittere,
722 1066 814 1130 quam
836 1030 914 1122 hec,
940 1058 974 1109 ut

176 1152 325 1215 redditae
348 1145 439 1214 refert
460 1152 559 1226 nobis,
579 1151 620 1214 -sre
633 1148 748 1214 auferet
770 1150 882 1228 seeum,
907 1173 972 1214 me.

177 1256 288 1341 que&
308 1278 390 1320 novo
410 1257 529 1341 pariter,
552 1257 585 1322 &
607 1255 722 1319 resciffo
751 1259 874 1321 vulnere
896 1257 971 1321 adfi-

177 1362 246 1426 ciet.
317 1360 486 1454 Utramque
528 1363 621 1440 colui,
662 1375 820 1447 utramque
859 1365 969 1429 dilexi:

176 1479 276 1531 utram
312 1452 420 1550 rriagis,
453 1467 561 1545 nescio,
586 1488 641 1530 nec
666 1468 791 1531 discerni
819 1470 969 1533 volebant.

175 1572 357 1637 Habuerunt
375 1571 473 1636 officia
495 1593 564 1637 mea
577 1575 610 1637 in
633 1572 779 1651 secundis,
804 1574 973 1637 habuerunt

177 1677 210 1740 in
224 1677 360 1740 adversis.
406 1676 472 1766 Ego
479 1677 620 1743 solatium
631 1680 838 1763 relegatam,
854 1700 909 1763 ego
923 1682 972 1742 ul·

177 1795 224 1845 tor
237 1780 430 1847 reversatum.
475 1783 551 1848 Non
569 1781 627 1847 feci
648 1797 750 1847 tamen
768 1784 862 1868 paria,
883 1797 972 1870 atque

175 1907 212 1951 eo
227 1889 324 1971 magis
337 1889 415 1952 hanc
429 1890 518 1972 cupio
539 1887 660 1963 servari,
686 1902 720 1952 ut
737 1889 815 1953 mihi
839 1889 971 1955 solvendi

175 2005 311 2077 tempora
337 1993 487 2078 supersrnt.
542 1994 582 2060 In
598 1993 656 2058 his
681 2016 763 2057 eram
788 1997 876 2074 curis,
899 2019 970 2062 cum

176 2096 334 2169 scriberem
352 2102 392 2163 ad
407 2112 448 2176 te,
472 2100 581 2185 qunsfi
597 2101 684 2166 Deus
697 2101 806 2184 aliquis
819 2103 851 2165 in
864 2106 970 2187 gaudi·

178 2223 230 2271 um
241 2205 373 2282 verterit,
388 2206 426 2268 de
439 2217 524 2269 metu
537 2225 598 2268 non
610 2227 726 2290 querar.
771 2207 860 2273 Vale.

261 2433 320 2479 XX·
354 2435 389 2480 c.
413 2436 570 2482 PLINIUS
588 2437 734 2485 ‘metuo
752 2439 819 2486 SUO
837 2440 865 2484 S.

179 2581 352 2694 erruu
383 2640 470 2691 tuum
492 2628 562 2712 legi,
583 2629 615 2693 δι
639 2650 732 2714 quam
752 2627 970 2712 diligentissime

174 2734 259 2820 potui
279 2733 434 2810 annotavi,
460 2754 530 2818 quae
556 2736 781 2811 commutanda,
808 2754 878 2817 quae
905 2733 969 2796 exi.

175 2840 285 2905 menda
307 2838 474 2911 arbitrarer.
502 2839 651 2906 Nam&
673 2861 729 2924 ego
748 2859 854 2902 verum
874 2839 971 2903 dicere

175 2943 298 3021 affitevi,
327 2945 412 3009 &tu
439 2945 568 3009 libenter
590 2946 704 3011 audire.
749 2943 860 3032 Neque
888 2946 969 3011 enim

552 3050 620 3130 u4
