2317 3767
402 257 681 308 errunrr.
892 237 934 327 65

149 413 245 478 neret,
279 404 345 468 voci
372 405 515 487 laterique
546 401 741 478 consulerem,
779 422 851 468 cum
883 419 934 466 me
1015 411 1019 420 '

147 510 352 592 ychementius
377 522 492 593 putaret
513 508 640 584 intendi,
655 528 761 593 -quam
786 509 932 591 gracilitas
1058 567 1063 574 .

151 634 218 675 mea
230 617 341 699 perpeti
359 615 461 700 poffet.
506 613 669 698 Respondit
682 614 757 677 mihi
775 633 830 697 pro
843 613 933 679 Mar·

149 715 231 782 tiano
256 719 405 784 Claudius
434 720 643 785 Marcellinus.
688 717 799 784 Missus
826 719 932 784 deinde

148 823 314 889 Senatus&
328 840 482 889 revocatus
493 825 525 887 in
535 824 693 908 posterum.
727 823 838 908 Neque
851 825 932 888 eninr

142 929 210 1013 jam
233 931 365 994 inchoari
387 943 501 1013 poterat
519 930 609 1006 atrio,
636 928 689 991 nifi
714 942 748 996 ut
767 930 863 992 noetis
884 931 932 993 in·

149 1046 284 1097 terventu
312 1035 499 1098 scinderetur.
549 1033 667 1099 Postero
695 1035 743 1097 die
772 1035 851 1098 dixit
876 1056 932 1120 pro

148 1137 253 1202 Mario
265 1139 382 1202 Salvius
396 1139 554 1217 Liberalis,
574 1141 621 1204 vir
632 1139 758 1216 subtilis,
769 1139 931 1224 dispositus,

146 1263 226 1319 acer,
249 1243 384 1322 disertus,
404 1246 436 1308 in
456 1247 509 1308 illa
529 1267 600 1325 vero
620 1244 707 1309 causa
730 1266 834 1309 omnes
856 1262 931 1310 artes

145 1347 212 1412 suas
241 1352 374 1433 protulit.
422 1350 587 1436 Respondit
613 1349 775 1415 Cornelius
802 1349 931 1415 Tacitus

146 1454 379 1536 eloquentiffime
394 1456 436 1532 δι,
459 1458 540 1539 quod
561 1456 709 1520 eximium
729 1456 856 1519 orationi
868 1456 932 1539 ejus

146 1558 232 1634 inest,
254 1562 376 1644 reputit·
416 1559 572 1645 Dixit'pro
586 1560 692 1626 Mario
705 1558 802 1624 rursus
818 1558 932 1625 Fronto

149 1660 258 1727 Catius
280 1666 444 1748 insigniter:
471 1680 561 1750 utque
581 1667 648 1752 jam
672 1669 755 1731 locus
768 1667 819 1730 ille
832 1665 931 1751 posce·

123 1759 128 1764 ¹
147 1769 213 1844 bat,
233 1771 298 1853 plus
312 1772 342 1833 in
356 1772 490 1854 precibus
500 1773 654 1856 temporis,
674 1793 766 1856 quam
780 1774 812 1834 in
826 1768 931 1835 defen·

145 1872 224 1936 fion'e
237 1873 423 1959 consumpsit.
468 1876 571 1961 Hujus
590 1877 739 1940 attionem
753 1874 870 1960 vespera
883 1878 930 1962 in-⁴

144 1978 250 2041 clufit:
271 2001 333 2043 non
347 1993 449 2045 tamen
463 1979 511 2058 fic,
533 1993 566 2043 ut
580 1983 779 2064 abrumperet.
824 1980 931 2066 Itaque

144 2085 175 2147 in
197 2086 321 2148 tertium
346 2086 426 2148 diem
457 2087 645 2169 probationes
670 2087 815 2150 exierunt.
858 2085 929 2169 Jarn

143 2191 201 2254 hoc
224 2190 320 2274 ipsum
348 2191 507 2273 pulchrum
523 2191 566 2256 ⁴&
589 2193 757 2276 antiquum,
787 2190 929 2255 Senatum

144 2296 232 2368 noete
254 2296 378 2372 dimitti,
401 2295 501 2359 triduo
520 2298 631 2373 vocari,
652 2298 751 2360 triduo
772 2297 928 2361 contineri.

145 2399 473 2488 Cornutus'Tertullus
494 2397 569 2466 Cos'.
589 2401 765 2483 designatus,
788 2402 835 2464 vir
847 2422 929 2487 egre·

143 2503 223 2588 gius,
242 2505 273 2570 &
295 2527 349 2590 pro
371 2508 493 2570 veritate
515 2506 720 2582 firmiflimus,¹
734 2505 846 2570 censuit
865 2506 928 2592 sep-

142 2609 276 2694 tingenta
289 2613 396 2689 millia,
419 2634 487 2697 quae
500 2624 650 2696 acceperat
671 2612 803 2691 Mariua,
826 2615 930 2676 aerario

143 2710 310 2792 inferenda,
338 2716 450 2781 Mario
473 2715 545 2779 urbe
576 2718 724 2804 Italiaque
750 2718 928 2781 interdicen-

141 2820 235 2882 dum:
258 2819 414 2885 Martiano
427 2822 484 2885 hoe
499 2825 639 2907 amplius,
655 2821 770 2887 Africa.
818 2822 857 2885 ln
870 2821 930 2886 fine

141 2922 295 2987 sententiae
323 2925 440 3009 adjecit,
471 2911 565 3012 Quod
590 2949 646 3014 ego
670 2930 702 2996 a
724 2927 864 2993 Tacitus.
882 2929 928 3020 irr-
