2317 3767
410 279 703 330 tranant.
902 276 963 350 227

171 439 285 510 potem,
301 436 389 510 prout
401 422 451 489 hic
465 426 513 489 vel
527 425 578 489 ille
592 426 713 502 diceret,
732 423 894 510 cupiditate
908 447 963 490 au·

170 529 272 593 diendi
296 528 491 594 curfitabanta
517 533 548 595 dc
569 551 651 595 nunc
678 531 760 617 quast
780 530 965 597 stimularent

86 708 88 711 ¹
169 636 202 698 δι
217 639 419 713 accenderent,
440 654 520 700 nunc
533 636 615 721 quast
628 636 863 714 reconciliarent,
878 657 962 701 com·

170 753 392 825 ponerentque:
431 738 616 826 frequentius
650 741 782 827 lingulis,
816 744 966 807 ambobus

170 844 318 909 interdum
337 847 501 930 propitium
527 844 690 925 Caesare'm,
723 860 758 911 ut
785 848 818 910 in
849 848 966 915 ludicro
1029 930 1030 935 ἵ

170 951 282 1036 aliquo,
297 965 496 1036 precarentur.
541 951 627 1016 Mihi
642 954 764 1037 quidem
778 953 854 1017 illud
873 954 965 1018 etiarn

169 1058 362 1140 peracerbum
383 1053 453 1133 suit,
480 1059 561 1140 quod
585 1057 653 1120 sunt
671 1059 746 1120 alter
767 1058 863 1134 alteri,
889 1060 962 1144 quid

168 1174 317 1246 pararent,
330 1161 462 1224 indicati.
506 1160 594 1225 Nam
611 1164 643 1226 ἃ
664 1160 771 1228 Celsus
785 1163 900 1248 Nepoti
924 1183 963 1228 ex

168 1267 272 1330 libello
293 1266 452 1351 respondit,
476 1268 507 1330 dc
527 1265 619 1331 Celso
632 1266 738 1351 Nepos
751 1288 789 1330 ex
809 1268 962 1351 pugillari·

168 1374 236 1436 bus.
280 1371 386 1437 Tanta
398 1373 563 1458 loquacitas
574 1372 752 1448 amicorum,
777 1383 810 1433 ut
824 1373 961 1435 homines
1062 1416 1065 1421 -

163 1478 322 1561 jurgaturi,
352 1477 478 1563 idipsum
512 1478 648 1546 invicem
671 1475 788 1552 scirent,
817 1489 962 1560 tanquam

169 1584 407 1650 convenissent..
432 1583 520 1648 Vale.

237 1811 295 1857 v1.
340 1811 373 1856 C·
399 1812 546 1856 PLINIUS
569 1808 746 1856 tuuuduo
772 1812 839 1857 SUO
866 1811 895 1857 S.

173 1959 226 2074 St
249 2004 382 2089 quando,
410 2023 491 2067 nunc
515 2004 662 2089 praecipue
684 2023 822 2086 cuperem
846 2002 903 2068 elle
932 2017 961 2067 te

168 2111 288 2189 Romae,
304 2112 335 2174 δι
346 2108 383 2174 fis
397 2131 479 2194 rogo.
511 2108 602 2194 Opus
613 2108 653 2172 est
666 2109 742 2172 mihi
751 2110 825 2184 voti,
838 2109 959 2185 laboris,

165 2215 358 2280 solicitudinis
378 2215 467 2280 socio.
513 2214 592 2279 Petit
605 2216 733 2279 honores
747 2213 847 2298 Julius
861 2211 958 2291 Naso,

168 2323 243 2405 petit
263 2343 333 2386 cunr
358 2324 475 2398 multis,
490 2344 560 2387 curn
575 2323 674 2398 bonis,
696 2341 771 2405 quos
794 2333 828 2384 ut
847 2321 958 2404 glorio-

168 2426 245 2504 sum,
266 2428 305 2492 stc
322 2427 363 2491 est
375 2427 495 2491 difficile
508 2428 653 2513 superare.
698 2426 818 2491 Pendeo
830 2447 912 2511 ergo,
927 2429 958 2492 ἃ

168 2552 303 2595 exerceor
313 2531 373 2616 spe,
389 2547 478 2618 atque
490 2533 604 2598 afficior
617 2546 712 2611 metu,
727 2535 758 2597 δι
772 2554 821 2595 me
837 2530 958 2599 Consu·

167 2638 260 2699 larem
273 2636 330 2700 elie
344 2659 405 2702 non
420 2639 523 2703 sentio.
555 2638 671 2703 Rursus
684 2639 761 2703 mihi
774 2639 877 2702 videor
889 2631 957 2702 om·

166 2743 265 2819 nium,
302 2764 371 2827 quae
397 2745 525 2821 decurri,
561 2743 760 2811 Candidatus.
818 2742 957 2806 Meretur

166 2851 245 2911 hanc
258 2869 361 2912 curam
374 2850 463 2934 longa
476 2852 536 2913 mei
546 2852 708 2914 charitate:
738 2849 780 2913 eil
793 2849 869 2912 mihi
887 2868 956 2912 etun

166 2955 218 3018 illo
232 2975 294 3018 non
309 2954 378 3017 sane
391 2966 513 3038 paterna
527 2957 674 3020 amicitia:
702 2976 798 3041 neque
811 2955 893 3018 enirn
903 2974 957 3039 po-

523 3059 596 3145 (ζα
