2317 3767
226 268 270 337 86
383 291 846 339 c.1³1.1u.ui>1suouuc.

225 431 308 511 sedit,
324 456 385 520 quo
398 437 458 512 die,
473 457 534 522 qua
543 438 619 501 hora
631 449 702 501 nata
712 436 794 513 effet,
813 436 1019 521 interrogavit.

227 537 292 604 Ubi
305 542 430 620 audivit,
446 544 601 627 componit
614 544 745 621 vultum,
761 543 889 610 intendit
902 545 1021 621 oculos,

226 660 338 711 movet.
352 649 447 724 lubra,
482 648 574 732 agitat
601 650 720 734 digitos,
750 662 904 733 computat
928 649 1020 726 nihil,

158 841 163 850 .
224 751 278 815 nisu
311 766 344 818 ut
371 756 424 818 diu
449 755 586 821 miseram
616 756 821 840 expediatione
849 753 1016 840 suspendat.

226 859 327 944 Habes
341 858 461 946 (inquit)
476 862 697 927 climafflericum
710 876 828 948 tempus,
833 861 895 947 sed
904 862 1019 927 euodes.

225 965 318 1055 Quod
327 980 360 1031 ut
376 968 433 1032 tibi
444 968 535 1053 magis
555 967 673 1053 liqueat,
695 966 852 1053 aruspicem
865 965 1020 1052 consulam,

225 1097 304 1158 quem
304 1074 374 1160 sum
384 1076 556 1160 frequenter
567 1089 711 1161 expertus.
755 1074 826 1140 Noc
841 1095 947 1138 mora:
972 1074 1019 1139 sa-

224 1180 371 1245 crificium
402 1178 484 1245 facit.
529 1180 673 1246 Affirmat
700 1192 769 1243 exta
795 1200 867 1244 cum
891 1179 1020 1245 siderum

224 1286 435 1371 figmficatione
446 1308 619 1372 congruere.
667 1285 737 1365 Illa,
765 1286 852 1350 utin
874 1286 1018 1370 periculo,

225 1396 357 1472 credula,
381 1394 473 1478 poscit
486 1394 649 1469 codicillos,
669 1395 801 1478 legatum
815 1392 935 1476 Regulo
948 1392 1019 1457 scri-

224 1501 289 1565 bit:
318 1522 391 1565 mox
402 1498 589 1583 ingravescit,
604 1501 716 1562 clamat
738 1500 891 1563 moriens:
918 1499 947 1563 0
967 1498 1019 1563 ho-

225 1606 325 1671 minem
350 1629 479 1690 nequam,
501 1605 654 1692 perfidum,
688 1629 722 1669 ac
739 1607 807 1692 plus
826 1603 911 1669 etiam
935 1628 1020 1690 quum

218 1713 381 1798 perjurum,
412 1711 462 1796 qui
474 1711 537 1797 fibi
553 1727 609 1797 per
621 1711 747 1797 salutem
764 1710 827 1797 filii
842 1712 1018 1799 pejeroffet!

227 1817 312 1882 Facit
333 1819 391 1880 hoc
405 1816 541 1902 Regulus
555 1838 617 1881 non
643 1819 744 1882 minus
764 1817 900 1882 scelerate
926 1840 1018 1903 quam

224 1919 404 2008 frequenter,
425 1926 506 2009 quod
524 1924 603 1987 imm
616 1924 743 1987 deorum
756 1945 832 2009 quos
857 1922 917 2008 ipse
942 1945 1018 2009 quo-

224 2030 295 2093 tidie
319 2027 409 2106 fallit‚
435 2031 467 2093 in
481 2044 570 2114 ouput
591 2025 718 2092 infelicis
742 2031 827 2114 pueri
848 2028 1017 2093 detestatur.

226 2134 362 2221 Vellejus
377 2134 502 2212 Blaesus,
519 2135 570 2198 ille
583 2136 715 2220 locuples
730 2133 905 2201 Consuluis
919 2134 1019 2200 novis-

224 2241 296 2305 sima
309 2242 481 2305 valetudine
499 2240 738 2317 conflidiabatur‚
753 2241 891 2326 cupiebat
904 2255 1020 2305 mutare

225 2345 445 2412 testamentum.
489 2344 626 2430 Regulus
639 2346 692 2431 qui
712 2344 837 2430 speraret
855 2348 968 2432 aliquid
981 2368 1021 2412 ex

225 2454 311 2518 novis
336 2453 460 2530 tabulis,
473 2452 551 2537 ,quia
574 2472 671 2536 nuper
684 2465 801 2537 captare
826 2472 897 2515 eum
915 2474 1018 2537 coepe-

224 2572 282 2636 rat,
298 2561 430 2624 medicos
442 2559 568 2635 hortari,
585 2578 700 2642 rogare,
722 2580 843 2643 quoquo
857 2561 949 2630 modo
961 2559 1020 2643 spi·

223 2666 317 2730 ritum
330 2664 448 2728 homini
462 2677 664 2750 prorogarunt.
699 2663 858 2749 Postquam
872 2665 1021 2749 signatum

223 2772 265 2838 cst
286 2770 508 2849 testamentum,
531 2783 630 2835 mutat
642 2768 811 2855 personum,
835 2771 925 2835 vertit
943 2772 1019 2834 allo-

222 2879 387 2955 cutionem,
407 2874 570 2961 iisdemque
592 2877 715 2940 medicis
734 2877 873 2963 quousque
887 2875 1022 2942 mierum

222 2983 389 3054 cruciatis?
409 2982 481 3068 quid
490 2980 624 3049 invidetis
638 2982 736 3048 bonam
747 2996 874 3060 mortem,
890 2982 940 3049 cui
949 2984 1024 3047 dare
