2317 3767
403 276 598 324 arona
643 279 722 325 νη.
904 274 965 342 293

171 416 357 502 mancipavi:
384 420 513 482 eundern
538 413 834 503 veffigali'impofito
855 418 962 500 recepi.

169 520 306 587 Tricena
328 521 423 587 millia
437 545 538 587 annua
549 527 686 607 daturus.
730 522 788 587 Per
808 523 866 585 hoc
882 509 964 586 enim

170 628 202 691 δι
217 626 403 711 Reipublicae
416 626 524 703 sorsin
538 642 617 706 tuto,
632 651 687 692 nec
696 630 808 692 reditus
822 629 962 704 incertus,

169 733 201 797 &
211 754 280 816 ager
294 731 353 816 ipse
366 747 484 818 propter
499 735 543 811 id,
567 737 649 819 quod
663 735 799 818 'vectigali
810 737 903 818 'large'
915 733 963 797 su·-

168 840 333 921 percurrit,
353 837 468 923 semper
492 841 651 904 dominum
671 838 765 923 iquo
782 848 963 916 exerceatur,

169 942 330 1006 inveniets
359 943 442 1008 'Nec
470 945 586 1028 ignoro,
619 966 670 1008 me
702 946 769 1028 plus
797 946 962 1031 aliquanto,

169 1069 262 1132 quam
277 1048 396 1112 donasse
410 1048 523 1126 videor,
541 1049 712 1133 erogavitie,
739 1070 809 1113 cum
824 1050 963 1132 pulcher·

169 1153 240 1215 rimi
265 1153 327 1236 agri
351 1155 480 1236 pretium
499 1153 649 1218 neceffitas
663 1156 816 1238 vectigalis
835 1136 963 1238 infrege-

169 1259 219 1323 rit.
264 1259 451 1343 Sed-oportet
472 1261 594 1343 privatis
617 1260 795 1333 utilitatibus
817 1261 960 1343 publicas,

168 1366 345 1430 mortalibus
367 1379 491 1429 aeternas
516 1362 684 1429 anteferret
711 1365 867 1449 multoque
892 1367 962 1427 dili-

168 1473 285 1554 gentius
299 1460 417 1535 muneri
441 1471 494 1535 suo
518 1471 680 1550 consulere,
698 1476 800 1556 'quam
813 1467 963 1534 facultati·

169 1578 237 1649 bus.
283 1576 371 1647 Vale,
418 1594 421 1598 ·
457 1602 460 1606 ·
586 1640 588 1645 ,
660 1584 684 1616 1'

205 1790 207 1795 “
250 1792 331 1849 xrx.
371 1804 825 1852 c.rr.1nrusrnrscosoo
853 1807 883 1850 s.

156 1949 320 2061 'Anum
360 2018 410 2060 me
440 1996 565 2062 Fanniae
595 1998 745 2061 valetudo.
800 1997 962 2064 Contraxit

168 2101 331 2165 hanc'dum
345 2104 446 2167 a'ffidet
467 2101 581 2186 Juniae,
599 2103 716 2186 Virgini
729 2102 839 2166 Vestali
861 2102 961 2187 sponte

167 2208 320 2290 primum:
360 2208 413 2293 (est
434 2209 517 2273 enim
546 2204 656 2288 affinis)
678 2209 783 2272 deinde
809 2210 901 2272 etiam
923 2230 962 2272 ex

169 2311 556 2378 tucioritate‘Pontificum.
597 2313 696 2378 'Nam
721 2315 862 2398 virgines,
890 2334 961 2378 cum

168 2416 199 2479 vi
218 2419 314 2485 morbi
337 2418 413 2481 atrio
428 2418 526 2491 Vestae
547 2431 694 2501 coguntur
710 2422 866 2497 excedere,
881 2429 959 2483 'ma-

166 2534 322 2587 tronarum
343 2544 424 2587 curae
448 2523 644 2608 custodiaeque
671 2526 871 2588 mandantur:
899 2545 960 2606 quo
1037 2594 1040 2597 ,

165 2649 289 2692 munere
306 2628 422 2692 Fannia
443 2630 516 2692 d'um
535 2627 636 2692 sedulo
656 2614 801 2712 iongitur,
827 2629 885 2690 hoc
899 2627 957 2690 dis-

82 2802 90 2813 ,
125 2790 130 2798 ,
166 2733 291 2797 crimine
313 2734 463 2817 ,implicita
485 2733 536 2796 est.
565 2746 567 2749 ’
594 2733 728 2823 Infident
745 2731 854 2808 febres,
878 2732 958 2826 tuffis

166 2838 311 2915 increscit,
326 2838 444 2903 summa
458 2840 578 2929 macies,
599 2838 718 2902 summa
731 2836 869 2914 defectio,
893 2841 958 2903 ani·

166 2963 236 3011 mus
255 2956 373 3009 tantum
386 2946 417 3009 δι
431 2943 548 3028 spiritus
567 2945 658 3028 viget,
678 2943 824 3010 Helvidio
837 2945 956 3023 marito,
