<?xml version="1.0" encoding="UTF-8"?>
<!DOCTYPE html PUBLIC "-//W3C//DTD XHTML 1.0 Transitional//EN"
    "http://www.w3.org/TR/xhtml1/DTD/xhtml1-transitional.dtd">
<html xmlns="http://www.w3.org/1999/xhtml" xml:lang="en" lang="en">
 <head>
  <title>
</title>
<meta http-equiv="Content-Type" content="text/html;charset=utf-8" />
  <meta name='ocr-system' content='tesseract 3.04.00' />
  <meta name='ocr-capabilities' content='ocr_page ocr_carea ocr_par ocr_line ocrx_word'/>
</head>
<body>
  <div class='ocr_page' id='page_1' title='image "./cpliniicciliise01plingoog_0171.png"; bbox 0 0 2317 3767; ppageno 0'>
   <div class='ocr_carea' id='block_1_1' title="bbox 410 285 952 354">
    <p class='ocr_par' dir='ltr' id='par_1_1' title="bbox 410 285 952 354">
     <span class='ocr_line' id='line_1_1' title="bbox 410 285 952 354; baseline -0.006 -19"><span class='ocrx_word' id='word_1_1' title='bbox 410 287 602 335; x_wconf 70' lang='lat' dir='ltr'>iruna</span> <span class='ocrx_word' id='word_1_2' title='bbox 646 289 764 336; x_wconf 54' lang='lat' dir='ltr'>1v.1</span> <span class='ocrx_word' id='word_1_3' title='bbox 883 285 952 354; x_wconf 25' lang='lat'>,153-</span> 
     </span>
    </p>
   </div>
   <div class='ocr_carea' id='block_1_2' title="bbox 131 424 953 1251">
    <p class='ocr_par' dir='ltr' id='par_1_2' title="bbox 131 424 953 1251">
     <span class='ocr_line' id='line_1_2' title="bbox 154 424 946 514; baseline -0.01 -17"><span class='ocrx_word' id='word_1_4' title='bbox 154 434 256 497; x_wconf 88' lang='lat' dir='ltr'>sedulo</span> <span class='ocrx_word' id='word_1_5' title='bbox 270 429 376 505; x_wconf 87' lang='lat' dir='ltr'>scribo,</span> <span class='ocrx_word' id='word_1_6' title='bbox 401 441 435 493; x_wconf 90' lang='lat' dir='ltr'>ut</span> <span class='ocrx_word' id='word_1_7' title='bbox 453 431 542 494; x_wconf 81' lang='lat' dir='ltr'>altius</span> <span class='ocrx_word' id='word_1_8' title='bbox 563 442 706 514; x_wconf 75' lang='lat' dir='ltr'>repetam.</span> <span class='ocrx_word' id='word_1_9' title='bbox 751 424 792 491; x_wconf 87' lang='lat' dir='ltr'>Et</span> <span class='ocrx_word' id='word_1_10' title='bbox 806 425 876 490; x_wconf 88' lang='lat' dir='ltr'>sane</span> <span class='ocrx_word' id='word_1_11' title='bbox 889 448 946 511; x_wconf 87' lang='lat' dir='ltr'>pu·</span> 
     </span>
     <span class='ocr_line' id='line_1_3' title="bbox 156 533 945 619; baseline -0.005 -18"><span class='ocrx_word' id='word_1_12' title='bbox 156 541 257 601; x_wconf 83' lang='lat' dir='ltr'>tabam</span> <span class='ocrx_word' id='word_1_13' title='bbox 272 549 314 612; x_wconf 87' lang='lat' dir='ltr'>te,</span> <span class='ocrx_word' id='word_1_14' title='bbox 334 536 406 619; x_wconf 80' lang='lat' dir='ltr'>quia</span> <span class='ocrx_word' id='word_1_15' title='bbox 417 550 485 598; x_wconf 89' lang='lat' dir='ltr'>tum</span> <span class='ocrx_word' id='word_1_16' title='bbox 499 533 629 611; x_wconf 77' lang='lat' dir='ltr'>abfuisti,</span> <span class='ocrx_word' id='word_1_17' title='bbox 646 535 722 597; x_wconf 80' lang='lat' dir='ltr'>nihil</span> <span class='ocrx_word' id='word_1_18' title='bbox 735 535 818 597; x_wconf 86' lang='lat' dir='ltr'>aliud</span> <span class='ocrx_word' id='word_1_19' title='bbox 831 537 869 597; x_wconf 90' lang='lat' dir='ltr'>de</span> <span class='ocrx_word' id='word_1_20' title='bbox 889 533 945 599; x_wconf 89' lang='lat' dir='ltr'>Li-</span> 
     </span>
     <span class='ocr_line' id='line_1_4' title="bbox 156 637 953 723; baseline -0.005 -17"><span class='ocrx_word' id='word_1_21' title='bbox 156 644 275 706; x_wconf 86' lang='lat' dir='ltr'>ciniano</span> <span class='ocrx_word' id='word_1_22' title='bbox 288 640 409 716; x_wconf 88' lang='lat' dir='ltr'>audisse,</span> <span class='ocrx_word' id='word_1_23' title='bbox 433 661 524 723; x_wconf 89' lang='lat' dir='ltr'>quam</span> <span class='ocrx_word' id='word_1_24' title='bbox 544 641 707 722; x_wconf 84' lang='lat' dir='ltr'>relegatum</span> <span class='ocrx_word' id='word_1_25' title='bbox 730 641 770 702; x_wconf 93' lang='lat' dir='ltr'>ob</span> <span class='ocrx_word' id='word_1_26' title='bbox 789 637 953 703; x_wconf 77' lang='lat' dir='ltr'>incestum·</span> 
     </span>
     <span class='ocr_line' id='line_1_5' title="bbox 158 740 951 820; baseline -0.005 -9"><span class='ocrx_word' id='word_1_27' title='bbox 158 748 316 819; x_wconf 85' lang='lat' dir='ltr'>Summam</span> <span class='ocrx_word' id='word_1_28' title='bbox 331 747 413 809; x_wconf 89' lang='lat' dir='ltr'>enim</span> <span class='ocrx_word' id='word_1_29' title='bbox 435 766 536 807; x_wconf 86' lang='lat' dir='ltr'>rerum</span> <span class='ocrx_word' id='word_1_30' title='bbox 561 745 686 808; x_wconf 80' lang='lat' dir='ltr'><strong>nunciat</strong></span> <span class='ocrx_word' id='word_1_31' title='bbox 699 740 793 820; x_wconf 88' lang='lat' dir='ltr'>fama,</span> <span class='ocrx_word' id='word_1_32' title='bbox 819 764 880 807; x_wconf 91' lang='lat' dir='ltr'>non</span> <span class='ocrx_word' id='word_1_33' title='bbox 897 759 951 808; x_wconf 79' lang='lat' dir='ltr'>or-&#39;</span> 
     </span>
     <span class='ocr_line' id='line_1_6' title="bbox 157 848 947 933; baseline -0.003 -18"><span class='ocrx_word' id='word_1_34' title='bbox 157 855 273 916; x_wconf 87' lang='lat' dir='ltr'>dinem.</span> <span class='ocrx_word' id='word_1_35' title='bbox 317 851 453 926; x_wconf 84' lang='lat' dir='ltr'>Mereor,</span> <span class='ocrx_word' id='word_1_36' title='bbox 480 862 514 912; x_wconf 92' lang='lat' dir='ltr'>ut</span> <span class='ocrx_word' id='word_1_37' title='bbox 539 848 663 913; x_wconf 79' lang='lat' dir='ltr'>vicissim</span> <span class='ocrx_word' id='word_1_38' title='bbox 683 850 755 932; x_wconf 91' lang='lat' dir='ltr'>quid</span> <span class='ocrx_word' id='word_1_39' title='bbox 780 850 811 911; x_wconf 91' lang='lat' dir='ltr'>in</span> <span class='ocrx_word' id='word_1_40' title='bbox 837 850 947 933; x_wconf 89' lang='lat' dir='ltr'>oppido</span> 
     </span>
     <span class='ocr_line' id='line_1_7' title="bbox 155 953 946 1040; baseline -0.003 -21"><span class='ocrx_word' id='word_1_41' title='bbox 155 972 221 1034; x_wconf 92' lang='lat' dir='ltr'>tuo,</span> <span class='ocrx_word' id='word_1_42' title='bbox 236 959 310 1040; x_wconf 92' lang='lat' dir='ltr'>quid</span> <span class='ocrx_word' id='word_1_43' title='bbox 328 959 360 1018; x_wconf 89' lang='lat' dir='ltr'>in</span> <span class='ocrx_word' id='word_1_44' title='bbox 373 955 509 1018; x_wconf 85' lang='lat' dir='ltr'>finitimis</span> <span class='ocrx_word' id='word_1_45' title='bbox 522 969 627 1038; x_wconf 81' lang='lat' dir='ltr'>agatur</span> <span class='ocrx_word' id='word_1_46' title='bbox 644 953 749 1039; x_wconf 73' lang='lat' dir='ltr'>(solent</span> <span class='ocrx_word' id='word_1_47' title='bbox 761 954 844 1017; x_wconf 88' lang='lat' dir='ltr'>enim</span> <span class='ocrx_word' id='word_1_48' title='bbox 860 966 946 1018; x_wconf 88' lang='lat' dir='ltr'>nota-</span> 
     </span>
     <span class='ocr_line' id='line_1_8' title="bbox 131 1051 948 1144; baseline -0.001 -19"><span class='ocrx_word' id='word_1_49' title='bbox 131 1051 231 1126; x_wconf 86' lang='lat' dir='ltr'>bilia</span> <span class='ocrx_word' id='word_1_50' title='bbox 260 1065 398 1144; x_wconf 81' lang='lat' dir='ltr'>quaedam</span> <span class='ocrx_word' id='word_1_51' title='bbox 425 1055 567 1139; x_wconf 85' lang='lat' dir='ltr'>incidere)</span> <span class='ocrx_word' id='word_1_52' title='bbox 590 1058 760 1143; x_wconf 83' lang='lat' dir='ltr'><strong>perscribas.</strong></span> <span class='ocrx_word' id='word_1_53' title='bbox 806 1059 948 1143; x_wconf 89' lang='lat' dir='ltr'>Denique</span> 
     </span>
     <span class='ocr_line' id='line_1_9' title="bbox 156 1165 947 1251; baseline -0.005 -22"><span class='ocrx_word' id='word_1_54' title='bbox 156 1168 301 1251; x_wconf 88' lang='lat' dir='ltr'>quicquid</span> <span class='ocrx_word' id='word_1_55' title='bbox 322 1169 423 1230; x_wconf 84' lang='lat' dir='ltr'>voles:</span> <span class='ocrx_word' id='word_1_56' title='bbox 448 1168 615 1229; x_wconf 90' lang='lat' dir='ltr'>dummodo</span> <span class='ocrx_word' id='word_1_57' title='bbox 643 1185 705 1227; x_wconf 90' lang='lat' dir='ltr'>non</span> <span class='ocrx_word' id='word_1_58' title='bbox 733 1165 834 1227; x_wconf 76' lang='lat' dir='ltr'>minue</span> <span class='ocrx_word' id='word_1_59' title='bbox 858 1166 947 1250; x_wconf 77' lang='lat' dir='ltr'>longa</span> 
     </span>
    </p>
   </div>
   <div class='ocr_carea' id='block_1_3' title="bbox 155 1270 946 1460">
    <p class='ocr_par' dir='ltr' id='par_1_3' title="bbox 155 1270 946 1460">
     <span class='ocr_line' id='line_1_10' title="bbox 155 1270 946 1355; baseline -0.001 -21"><span class='ocrx_word' id='word_1_60' title='bbox 155 1271 277 1355; x_wconf 84' lang='lat' dir='ltr'>epistola</span> <span class='ocrx_word' id='word_1_61' title='bbox 290 1272 423 1334; x_wconf 85' lang='lat' dir='ltr'><strong>nuncies.</strong></span> <span class='ocrx_word' id='word_1_62' title='bbox 469 1270 535 1355; x_wconf 86' lang='lat' dir='ltr'>Ego</span> <span class='ocrx_word' id='word_1_63' title='bbox 546 1291 608 1333; x_wconf 91' lang='lat' dir='ltr'>non</span> <span class='ocrx_word' id='word_1_64' title='bbox 622 1271 744 1352; x_wconf 82' lang='lat' dir='ltr'>paginas</span> <span class='ocrx_word' id='word_1_65' title='bbox 752 1281 882 1346; x_wconf 89' lang='lat' dir='ltr'>tantum,</span> <span class='ocrx_word' id='word_1_66' title='bbox 897 1270 946 1333; x_wconf 89' lang='lat' dir='ltr'>sed</span> 
     </span>
     <span class='ocr_line' id='line_1_11' title="bbox 157 1372 883 1460; baseline -0.004 -21"><span class='ocrx_word' id='word_1_67' title='bbox 157 1378 249 1440; x_wconf 88' lang='lat' dir='ltr'>etiam</span> <span class='ocrx_word' id='word_1_68' title='bbox 263 1376 363 1439; x_wconf 87' lang='lat' dir='ltr'>versus</span> <span class='ocrx_word' id='word_1_69' title='bbox 378 1376 558 1460; x_wconf 73' lang='lat' dir='ltr'>syllabasque</span> <span class='ocrx_word' id='word_1_70' title='bbox 572 1375 749 1438; x_wconf 84' lang='lat' dir='ltr'>numerabo.</span> <span class='ocrx_word' id='word_1_71' title='bbox 794 1372 883 1436; x_wconf 87' lang='lat' dir='ltr'>Vale.</span> 
     </span>
    </p>
   </div>
   <div class='ocr_carea' id='block_1_4' title="bbox 220 1603 893 1653">
    <p class='ocr_par' dir='ltr' id='par_1_4' title="bbox 220 1603 893 1653">
     <span class='ocr_line' id='line_1_12' title="bbox 220 1603 893 1653; baseline -0.004 -2"><span class='ocrx_word' id='word_1_72' title='bbox 220 1609 293 1652; x_wconf 81' lang='grc' dir='ltr'>ΧΠ.</span> <span class='ocrx_word' id='word_1_73' title='bbox 338 1607 371 1650; x_wconf 79' lang='lat' dir='ltr'>C·</span> <span class='ocrx_word' id='word_1_74' title='bbox 395 1607 541 1652; x_wconf 80' lang='lat' dir='ltr'>PLINIUS</span> <span class='ocrx_word' id='word_1_75' title='bbox 567 1607 736 1653; x_wconf 78' lang='lat' dir='ltr'>ARRIANO</span> <span class='ocrx_word' id='word_1_76' title='bbox 769 1603 836 1650; x_wconf 84' lang='lat' dir='ltr'>SUO</span> <span class='ocrx_word' id='word_1_77' title='bbox 864 1605 893 1648; x_wconf 82' lang='lat' dir='ltr'>S.</span> 
     </span>
    </p>
   </div>
   <div class='ocr_carea' id='block_1_5' title="bbox 158 1752 947 1886">
    <p class='ocr_par' dir='ltr' id='par_1_5' title="bbox 158 1752 947 1886">
     <span class='ocr_line' id='line_1_13' title="bbox 158 1752 947 1886; baseline -0.001 -23"><span class='ocrx_word' id='word_1_78' title='bbox 158 1752 297 1863; x_wconf 72' lang='lat' dir='ltr'>Annis</span> <span class='ocrx_word' id='word_1_79' title='bbox 313 1797 474 1881; x_wconf 84' lang='lat' dir='ltr'>Egnatium</span> <span class='ocrx_word' id='word_1_80' title='bbox 491 1797 719 1879; x_wconf 89' lang='lat' dir='ltr'>Marcellinum,</span> <span class='ocrx_word' id='word_1_81' title='bbox 745 1812 834 1886; x_wconf 89' lang='lat' dir='ltr'>atque</span> <span class='ocrx_word' id='word_1_82' title='bbox 851 1800 947 1878; x_wconf 80' lang='lat' dir='ltr'>etiam</span> 
     </span>
    </p>
   </div>
   <div class='ocr_carea' id='block_1_6' title="bbox 158 1903 949 3040">
    <p class='ocr_par' dir='ltr' id='par_1_6' title="bbox 158 1903 949 3040">
     <span class='ocr_line' id='line_1_14' title="bbox 159 1903 947 1988; baseline 0.001 -20"><span class='ocrx_word' id='word_1_83' title='bbox 159 1904 236 1968; x_wconf 91' lang='lat' dir='ltr'>mihi</span> <span class='ocrx_word' id='word_1_84' title='bbox 245 1903 319 1987; x_wconf 83' lang='lat' dir='ltr'>saepe</span> <span class='ocrx_word' id='word_1_85' title='bbox 325 1906 536 1967; x_wconf 83' lang='lat' dir='ltr'>commendas:</span> <span class='ocrx_word' id='word_1_86' title='bbox 552 1907 668 1969; x_wconf 86' lang='lat' dir='ltr'>amabis</span> <span class='ocrx_word' id='word_1_87' title='bbox 677 1905 783 1988; x_wconf 82' lang='lat' dir='ltr'>magis,</span> <span class='ocrx_word' id='word_1_88' title='bbox 792 1924 947 1969; x_wconf 85' lang='lat' dir='ltr'>commen·</span> 
     </span>
     <span class='ocr_line' id='line_1_15' title="bbox 158 2007 948 2095; baseline 0.006 -22"><span class='ocrx_word' id='word_1_89' title='bbox 158 2008 629 2093; x_wconf 83' lang='lat' dir='ltr'>dabisque,fic0gnoverisrecens</span> <span class='ocrx_word' id='word_1_90' title='bbox 643 2011 708 2095; x_wconf 88' lang='lat' dir='ltr'>ejus</span> <span class='ocrx_word' id='word_1_91' title='bbox 715 2007 842 2074; x_wconf 74' lang='lat' dir='ltr'>fastum.</span> <span class='ocrx_word' id='word_1_92' title='bbox 862 2009 948 2078; x_wconf 82' lang='lat' dir='ltr'>Cum</span> 
     </span>
     <span class='ocr_line' id='line_1_16' title="bbox 158 2114 946 2200; baseline 0.003 -22"><span class='ocrx_word' id='word_1_93' title='bbox 158 2116 191 2178; x_wconf 92' lang='lat' dir='ltr'>in</span> <span class='ocrx_word' id='word_1_94' title='bbox 219 2114 407 2197; x_wconf 88' lang='lat' dir='ltr'>provinciam</span> <span class='ocrx_word' id='word_1_95' title='bbox 436 2114 575 2198; x_wconf 77' lang='lat' dir='ltr'>Qiaeslor</span> <span class='ocrx_word' id='word_1_96' title='bbox 607 2116 721 2193; x_wconf 78' lang='lat' dir='ltr'>exisset,</span> <span class='ocrx_word' id='word_1_97' title='bbox 750 2116 946 2200; x_wconf 83' lang='lat' dir='ltr'>scribamque,</span> 
     </span>
     <span class='ocr_line' id='line_1_17' title="bbox 159 2217 947 2305; baseline 0.003 -23"><span class='ocrx_word' id='word_1_98' title='bbox 159 2221 210 2304; x_wconf 90' lang='lat' dir='ltr'>qui</span> <span class='ocrx_word' id='word_1_99' title='bbox 228 2217 304 2282; x_wconf 82' lang='lat' dir='ltr'>sorte</span> <span class='ocrx_word' id='word_1_100' title='bbox 317 2220 474 2302; x_wconf 82' lang='lat' dir='ltr'>obtigerat,</span> <span class='ocrx_word' id='word_1_101' title='bbox 498 2232 566 2282; x_wconf 87' lang='lat' dir='ltr'>ante</span> <span class='ocrx_word' id='word_1_102' title='bbox 579 2221 748 2305; x_wconf 88' lang='lat' dir='ltr'>legitimum</span> <span class='ocrx_word' id='word_1_103' title='bbox 761 2220 856 2284; x_wconf 87' lang='lat' dir='ltr'>salarii</span> <span class='ocrx_word' id='word_1_104' title='bbox 869 2232 947 2284; x_wconf 88' lang='lat' dir='ltr'>tem·</span> 
     </span>
     <span class='ocr_line' id='line_1_18' title="bbox 160 2322 948 2409; baseline 0.006 -24"><span class='ocrx_word' id='word_1_105' title='bbox 160 2346 216 2407; x_wconf 88' lang='lat' dir='ltr'>pus</span> <span class='ocrx_word' id='word_1_106' title='bbox 229 2322 376 2400; x_wconf 75' lang='lat' dir='ltr'>amisisset,</span> <span class='ocrx_word' id='word_1_107' title='bbox 387 2326 468 2407; x_wconf 89' lang='lat' dir='ltr'>quod</span> <span class='ocrx_word' id='word_1_108' title='bbox 477 2339 626 2409; x_wconf 87' lang='lat' dir='ltr'>acceperat</span> <span class='ocrx_word' id='word_1_109' title='bbox 637 2324 737 2390; x_wconf 88' lang='lat' dir='ltr'>scribae</span> <span class='ocrx_word' id='word_1_110' title='bbox 750 2329 884 2405; x_wconf 82' lang='lat' dir='ltr'>daturus,</span> <span class='ocrx_word' id='word_1_111' title='bbox 895 2327 948 2391; x_wconf 87' lang='lat' dir='ltr'>&#39;in-</span> 
     </span>
     <span class='ocr_line' id='line_1_19' title="bbox 160 2427 948 2517; baseline 0.01 -28"><span class='ocrx_word' id='word_1_112' title='bbox 160 2429 287 2506; x_wconf 79' lang='lat' dir='ltr'>tellexit,</span> <span class='ocrx_word' id='word_1_113' title='bbox 309 2430 341 2492; x_wconf 71' lang='grc' dir='ltr'><em>ἃ</em></span> <span class='ocrx_word' id='word_1_114' title='bbox 360 2429 465 2493; x_wconf 75' lang='lat' dir='ltr'>&#39;statuit</span> <span class='ocrx_word' id='word_1_115' title='bbox 487 2427 630 2494; x_wconf 76' lang='lat' dir='ltr'>subsidere</span> <span class='ocrx_word' id='word_1_116' title='bbox 644 2433 723 2514; x_wconf 91' lang='lat' dir='ltr'>apud</span> <span class='ocrx_word' id='word_1_117' title='bbox 732 2430 761 2494; x_wconf 89' lang='lat' dir='ltr'>se</span> <span class='ocrx_word' id='word_1_118' title='bbox 783 2453 844 2496; x_wconf 90' lang='lat' dir='ltr'>non</span> <span class='ocrx_word' id='word_1_119' title='bbox 859 2451 948 2517; x_wconf 82' lang='lat' dir='ltr'>opor·</span> 
     </span>
     <span class='ocr_line' id='line_1_20' title="bbox 160 2533 947 2617; baseline 0.006 -21"><span class='ocrx_word' id='word_1_120' title='bbox 160 2547 231 2610; x_wconf 86' lang='lat' dir='ltr'>tere.</span> <span class='ocrx_word' id='word_1_121' title='bbox 292 2533 398 2617; x_wconf 86' lang='lat' dir='ltr'>Itaque</span> <span class='ocrx_word' id='word_1_122' title='bbox 436 2533 579 2611; x_wconf 87' lang='lat' dir='ltr'>reversus,</span> <span class='ocrx_word' id='word_1_123' title='bbox 624 2534 788 2614; x_wconf 86' lang='lat' dir='ltr'>Caesarem,</span> <span class='ocrx_word' id='word_1_124' title='bbox 829 2538 947 2615; x_wconf 89' lang='lat' dir='ltr'>deinde,</span> 
     </span>
     <span class='ocr_line' id='line_1_21' title="bbox 161 2635 949 2726; baseline 0.006 -25"><span class='ocrx_word' id='word_1_125' title='bbox 161 2635 280 2702; x_wconf 83' lang='lat' dir='ltr'>caesare</span> <span class='ocrx_word' id='word_1_126' title='bbox 293 2640 414 2702; x_wconf 63' lang='lat' dir='ltr'>auclore</span> <span class='ocrx_word' id='word_1_127' title='bbox 424 2636 557 2703; x_wconf 89' lang='lat' dir='ltr'>senatum</span> <span class='ocrx_word' id='word_1_128' title='bbox 571 2639 728 2719; x_wconf 89' lang='lat' dir='ltr'>consuluit,</span> <span class='ocrx_word' id='word_1_129' title='bbox 744 2644 815 2726; x_wconf 91' lang='lat' dir='ltr'>quid</span> <span class='ocrx_word' id='word_1_130' title='bbox 834 2642 898 2706; x_wconf 87' lang='lat' dir='ltr'>fieri</span> <span class='ocrx_word' id='word_1_131' title='bbox 911 2644 949 2706; x_wconf 81' lang='lat' dir='ltr'>do</span> 
     </span>
     <span class='ocr_line' id='line_1_22' title="bbox 159 2740 949 2830; baseline 0.009 -26"><span class='ocrx_word' id='word_1_132' title='bbox 159 2740 265 2808; x_wconf 87' lang='lat' dir='ltr'>salario</span> <span class='ocrx_word' id='word_1_133' title='bbox 278 2745 379 2806; x_wconf 88' lang='lat' dir='ltr'>vellet.</span> <span class='ocrx_word' id='word_1_134' title='bbox 424 2743 520 2808; x_wconf 77' lang='lat' dir='ltr'>Pana</span> <span class='ocrx_word' id='word_1_135' title='bbox 534 2744 667 2828; x_wconf 86' lang='lat' dir='ltr'>quaeslio,</span> <span class='ocrx_word' id='word_1_136' title='bbox 682 2746 730 2810; x_wconf 91' lang='lat' dir='ltr'>sed</span> <span class='ocrx_word' id='word_1_137' title='bbox 738 2760 841 2812; x_wconf 88' lang='lat' dir='ltr'>tamen</span> <span class='ocrx_word' id='word_1_138' title='bbox 854 2745 949 2830; x_wconf 61' lang='lat' dir='ltr'>quaes</span> 
     </span>
     <span class='ocr_line' id='line_1_23' title="bbox 158 2848 949 2935; baseline 0.001 -23"><span class='ocrx_word' id='word_1_139' title='bbox 158 2848 214 2913; x_wconf 86' lang='lat' dir='ltr'>tio.</span> <span class='ocrx_word' id='word_1_140' title='bbox 257 2848 402 2914; x_wconf 80' lang='lat' dir='ltr'>Haeredes</span> <span class='ocrx_word' id='word_1_141' title='bbox 415 2848 517 2913; x_wconf 84' lang='lat' dir='ltr'>scribae</span> <span class='ocrx_word' id='word_1_142' title='bbox 539 2851 603 2928; x_wconf 82' lang='lat' dir='ltr'>srbi,</span> <span class='ocrx_word' id='word_1_143' title='bbox 625 2848 757 2935; x_wconf 71' lang='lat' dir='ltr'>praesdsli</span> <span class='ocrx_word' id='word_1_144' title='bbox 781 2851 949 2935; x_wconf 42' lang='lat' dir='ltr'>aerariivpo·</span> 
     </span>
     <span class='ocr_line' id='line_1_24' title="bbox 158 2953 948 3040; baseline 0.008 -21"><span class='ocrx_word' id='word_1_145' title='bbox 158 2956 232 3040; x_wconf 83' lang='lat' dir='ltr'>pulo</span> <span class='ocrx_word' id='word_1_146' title='bbox 259 2956 461 3019; x_wconf 79' lang='lat' dir='ltr'>vindicabant.</span> <span class='ocrx_word' id='word_1_147' title='bbox 505 2953 688 3021; x_wconf 69' lang='lat' dir='ltr'>Artacana</span> <span class='ocrx_word' id='word_1_148' title='bbox 710 2957 761 3035; x_wconf 83' lang='lat' dir='ltr'>est,</span> <span class='ocrx_word' id='word_1_149' title='bbox 785 2957 860 3019; x_wconf 86' lang='lat' dir='ltr'>dixit</span> <span class='ocrx_word' id='word_1_150' title='bbox 883 2957 948 3025; x_wconf 68' lang='lat' dir='ltr'>haer</span> 
     </span>
    </p>
   </div>
   <div class='ocr_carea' id='block_1_7' title="bbox 0 0 1171 3767">
    <p class='ocr_par' dir='ltr' id='par_1_7' title="bbox 0 0 1171 3767">
     <span class='ocr_line' id='line_1_25' title="bbox 0 0 1171 3767; baseline 0 0"><span class='ocrx_word' id='word_1_151' title='bbox 0 0 1171 3767; x_wconf 95' lang='lat' dir='ltr'> </span> 
     </span>
    </p>
   </div>
  </div>
 </body>
</html>
