2317 3767
420 277 717 330 ersrrrv·
903 261 958 330 161

167 444 251 488 more
265 424 415 509 majorum
428 424 462 488 in
475 424 531 488 filii
543 424 647 489 locum
660 422 800 488 affumm
838 424 963 490 Debent

164 545 267 596 autem
281 530 424 614 sapientes
438 531 508 608 viri,
531 545 567 594 ut
583 544 630 609 tu,
661 530 735 594 tales
748 527 828 614 quest
847 530 957 616 suep.

163 636 274 699 liberos
299 635 442 719 accipere,
466 637 569 721 quales
596 638 739 700 &natura
760 632 889 700 solemus
905 658 961 722 op-

164 753 237 803 tare.
283 739 423 804 Decorus
448 741 505 804 erit
529 741 585 805 tibi
607 737 719 805 consuli
733 740 858 825 qurestor
878 756 961 826 petre

164 847 321 931 praetorio:
344 846 519 934 propinquis
532 838 752 911 consularibus:
779 847 888 930 quibus
906 849 959 933 Ju-

163 951 241 1013 dicio
255 948 398 1035 ipsorum,
414 973 588 1036 quanquam
601 952 834 1017 adolescentulus
848 956 958 1034 adhuc,

158 1055 227 1139 jam
253 1067 355 1119 tamen
377 1056 508 1120 invicem
533 1071 712 1123 ornamento
734 1058 785 1123 est.
830 1059 958 1125 Proinde

161 1161 283 1243 indulge
304 1157 440 1245 precibus
464 1161 551 1239 meis,
576 1163 737 1247 obsequere
761 1166 900 1230 confilio:
927 1168 958 1232 δι

161 1279 233 1328 ante
256 1269 370 1345 omnia,
392 1268 415 1330 fi
439 1265 574 1331 festinare
594 1270 710 1346 videor,
735 1269 870 1353 ignosce:
896 1272 958 1356 pri·
1074 1294 1077 1301 ·

162 1393 262 1448 mum,
294 1373 366 1457 quia
387 1374 465 1437 votis
487 1372 546 1437 suis
571 1391 657 1437 amor
681 1375 856 1458 plerumque
880 1394 957 1458 prae·

160 1479 274 1541 currit:
296 1478 403 1540 deiude
417 1480 497 1562 quod
512 1479 544 1541 in
563 1500 600 1541 ea
614 1479 744 1556 civitate,
765 1480 799 1542 in
817 1500 877 1564 qua
890 1495 957 1543 oms

160 1582 212 1645 nia
226 1581 307 1664 quast
327 1585 366 1646 ab
385 1585 597 1667 occupantibus
619 1598 771 1669 aguntur}
792 1604 860 1670 quae
881 1584 955 1668 legi-

161 1689 274 1749 timum
292 1700 410 1771 tempus
424 1690 592 1773 expectant,
613 1711 675 1754 non
697 1703 815 1755 matura
833 1689 882 1753 sed
896 1688 957 1754 sera

161 1791 250 1855 sunt:
284 1794 316 1855 in
338 1792 467 1870 summa,
503 1797 585 1878 quod
610 1816 722 1872 rerum,
749 1818 823 1880 quas
845 1795 955 1882 affequi

158 1898 272 1984 cupias,
298 1897 487 1984 praesumptio
508 1898 569 1983 ipsa
580 1900 713 1984 jucunda
726 1901 777 1963 est.
822 1900 953 1966 Revere-

158 2019 228 2069 atur
251 2005 318 2090 jam
341 2016 370 2066 te
399 2003 503 2068 Baffus
528 2019 562 2069 ut
587 2003 758 2068 consulem:
784 2004 841 2068 Tu
866 2006 955 2090 dilige

158 2110 258 2186 illum,
286 2119 320 2172 ut
341 2109 527 2194 quaestorem.
572 2110 643 2177 Nos
665 2110 792 2194 denique
805 2111 955 2197 utriusque

159 2216 289 2280 vestrum
319 2215 520 2293 amantiffuni,
549 2217 660 2300 duplici
689 2216 792 2279 laetitia
819 2214 954 2299 perfrua-

159 2344 239 2386 mur.
285 2322 409 2386 Etenim
430 2342 501 2386 cum
515 2322 554 2385 fic
575 2334 617 2398 te,
643 2322 680 2385 sre
702 2321 824 2387 Bass'um
847 2322 954 2405 diliga-

158 2450 239 2506 mus,
267 2429 345 2493 ut&
359 2428 447 2490 illum
461 2425 673 2513 cujuscunque,
696 2429 727 2490 ἃ
746 2441 833 2491 tuum
847 2448 954 2512 quem-

157 2556 275 2620 cunque
297 2533 472 2618 quaestorem
487 2533 520 2595 in
539 2534 672 2616 petendis
691 2534 855 2598 honoribus
870 2533 953 2595 omni

157 2661 225 2723 ope,
250 2639 333 2702 omni
352 2641 466 2716 labore,
489 2641 583 2722 gratia
603 2639 692 2702 fimns
713 2640 859 2724 juraturi,
886 2657 952 2722 per·

157 2766 250 2828 quam
259 2746 431 2830 jucundum
455 2745 542 2808 nobis
558 2744 619 2811 erit.
634 2743 655 2806 sr
670 2744 702 2806 in
724 2745 854 2808 eundem
864 2741 952 2825 juve·

156 2869 229 2912 nem
242 2849 373 2913 studium
386 2849 519 2914 nostrum
541 2850 572 2913 ἃ
586 2850 726 2913 amicitiae
739 2865 815 2912 meae
836 2847 867 2910 ἃ
881 2867 954 2910 con-

155 2952 268 3019 sulatus
282 2956 327 3018 tui
342 2955 418 3021 ratio
430 2954 609 3045 contulerit:
633 2950 655 3018 fi
676 2955 803 3042 denique
817 2951 954 3037 precibus

555 3059 598 3127 M
