2317 3767
215 266 277 354 438
362 284 396 331 c.
426 288 539 335 reru.
566 286 826 335 msaom.

218 448 328 510 magno
348 428 460 505 labore,
486 428 601 512 majore
623 428 778 512 impendio
805 427 951 495 vehiculis
971 432 1014 495 ad

218 554 300 596 mare
313 534 511 601 devehuntur.
556 533 615 597 Sed
637 535 785 616 hocopus
810 535 921 603 multas
943 556 1013 599 ma·

218 659 275 702 nus
290 637 390 722 poscit.
435 638 480 702 At
493 640 542 705 hae
565 661 653 723 porro
666 638 862 703 nondesunt:
887 661 960 703 nam
980 643 1014 707 &

218 743 250 804 in
264 742 341 826 agris
355 763 464 827 magna
477 745 562 827 copia
583 744 625 806 est
638 745 809 821 hominum,
832 745 863 808 &
878 746 1015 815 maxima

184 876 191 891 ·
219 849 251 911 in
273 849 405 925 civitate,
431 861 567 932 certaque
590 847 664 932 spes,
694 870 800 913 omnes
824 849 1016 912 libentiffime

218 952 397 1036 aggrelluros
415 975 489 1036 opus
503 955 644 1019 omnibus
660 952 857 1018 fructuosum.
902 954 1014 1038 super.

220 1057 260 1120 est
285 1070 319 1123 ut
343 1070 377 1121 tu
399 1059 585 1134 libratorem,
610 1061 658 1121 vel
680 1059 886 1137 architetiom,
914 1059 936 1123 fi
958 1061 1017 1127 tibi

220 1162 381 1240 videbitur,
399 1166 512 1240 mittas,
528 1165 580 1247 qui
597 1165 755 1246 diligenter
764 1166 908 1247 exploret,-
927 1165 961 1228 srt
976 1185 1018 1229 ne

221 1267 303 1335 lacus
317 1269 404 1332 altior
418 1269 505 1346 mari,
532 1290 623 1352 quem
638 1268 764 1331 artifices
778 1269 905 1351 regionis
923 1270 1018 1354 hujus
1086 1352 1089 1359 Δ

221 1375 414 1458 quadraginta
438 1375 546 1441 cubitis
575 1375 711 1438 altiorem
735 1373 793 1437 elle
819 1377 1016 1440 contendunt.

223 1477 289 1563 Ego
313 1501 366 1563 per
392 1482 497 1543 eadem
513 1481 592 1573 'loca
617 1480 738 1543 invenio
760 1477 866 1543 foliam
896 1483 914 1544 Ξ
946 1502 1018 1564 rego

221 1585 395 1667 perculiam,
424 1583 473 1648 sed
497 1586 656 1660 incertum,
680 1596 782 1651 utrum
808 1586 846 1647 ad
871 1586 1017 1670 colligen-

136 1754 142 1765 ,
222 1691 295 1755 dum
319 1690 478 1754 humorem
500 1690 777 1774 circumjacentium
800 1711 953 1774 agrorum,
977 1711 1019 1755 an

223 1797 260 1856 ad
284 1796 535 1861 committendum
561 1795 681 1859 flumini
700 1797 812 1860 laeum.
857 1795 909 1862 Est
933 1799 1019 1860 enim

223 1897 407 1982 imperfe6ia.
452 1900 523 1965 Hoc
544 1921 663 1985 quoque
687 1901 826 1978 dubium,
854 1901 1019 1984 intercepto

222 2025 289 2087 rege
312 2006 503 2084 mortalitate,
532 2026 570 2069 an
593 2004 743 2089 desperato
769 2005 867 2090 operis
892 2005 1016 2082 effetiu,

150 2092 157 2105 ⁸
221 2110 269 2173 sed
292 2110 349 2172 hoc
370 2110 430 2194 ipso
454 2109 543 2195 (feres
557 2111 640 2174 enim
663 2133 712 2174 me
736 2108 939 2189 ambitiosum)
961 2131 1018 2193 pro

222 2226 273 2277 tua
297 2215 390 2298 gloria
404 2215 511 2279 incitor
530 2216 562 2279 &
581 2218 738 2292 accendor,
764 2227 797 2281 ut
818 2216 939 2299 cupiam
961 2236 1016 2299 pe-

223 2321 284 2405 ragi
299 2323 316 2386 i
330 2333 372 2399 te,
393 2342 461 2406 quae
475 2334 594 2387 tantum
609 2334 760 2405 coeperant
774 2340 867 2404 reges.

372 2552 424 2596 n.
458 2550 650 2605 TRAJANUS
683 2550 814 2598 mmo
840 2551 868 2594 S.

226 2701 386 2811 Potest*
410 2762 465 2806 nos
479 2741 623 2808 solicitata
642 2744 726 2807 lacus
737 2742 800 2818 iste,
825 2755 859 2805 ut
876 2743 1019 2807 commit-

222 2863 284 2915 tere
298 2850 386 2917 illum
401 2849 477 2912 mari
496 2849 644 2913 velimusz
673 2846 722 2910 sed
742 2849 829 2932 plano
845 2847 1018 2933 excogitan-

223 2960 298 3022 dum
312 2955 352 3019 est
371 2955 540 3039 diligenter,
566 2974 605 3016 ne
624 2952 646 3016 fi
665 2952 811 3019 immistus
822 2953 855 3015 in
869 2974 952 3017 mare
965 2951 1017 3018 fu·
