2317 3767
239 266 279 354 58
407 286 440 333 c.
466 279 580 335 rain.
606 290 875 338 wer-ocra.
916 305 924 320 f·

307 553 397 602 vul.
421 556 454 601 C·
480 556 628 604 PLINIUS
652 557 812 606 cumulo
835 557 904 604 SUO
927 558 956 603 8.

240 692 424 812 Srunas?
450 770 491 813 an
513 749 650 835 piscaris?
675 770 716 813 an
730 750 865 813 venaris?
890 747 1030 838 arrsrmui

237 854 358 920 omnia?
390 855 508 940 possunt
543 858 625 920 enim
652 856 756 921 omnia
782 856 871 920 simul
897 855 961 919 ficri
990 853 1029 918 ad

238 958 367 1026 Larium
394 960 537 1027 noſtrum.
581 962 670 1028 Nam
695 964 778 1027 lacus
804 960 925 1045 piscem,
951 958 1029 1025 feras

239 1064 342 1150 sylvae,
365 1066 474 1151 quibus
496 1068 578 1131 lacus
603 1068 742 1153 cingitur,
767 1067 863 1130 studia
875 1065 1030 1130 altiffimus

237 1170 289 1235 istc
302 1170 421 1237 succisus
435 1170 553 1237 affatim
567 1171 736 1259 suggerunt.
780 1172 909 1237 Sodfive
926 1171 1029 1235 omnia

238 1275 419 1355 simunuve
440 1280 553 1364 aliquid
575 1277 680 1357 facias,
705 1300 767 1343 non
790 1278 907 1363 possum
921 1279 1029 1355 dicere,

237 1382 372 1448 invideo:
394 1405 485 1469 angor
499 1398 613 1449 rumen
627 1406 688 1449 non
701 1387 733 1449 δι
746 1383 823 1448 mihi
837 1384 935 1461 licere,
961 1404 1031 1468 quae

237 1488 275 1552 sic
287 1490 471 1575 concupisco,
495 1504 529 1553 ut
543 1492 615 1574 aegri
629 1491 747 1566 vinum,
771 1491 901 1571 balinea,
916 1486 1026 1553 fontes.

237 1593 445 1678 Nunquamne
457 1596 514 1658 hos
533 1594 707 1659 ardiiffimos
728 1597 850 1680 laqueos
872 1595 894 1658 sr
916 1594 1028 1658 solvere

238 1707 373 1783 negatcu,
399 1701 602 1785 abrumpam?
626 1709 782 1785 nunquam
803 1716 885 1785 puto.
939 1700 1029 1766 Nam

238 1803 387 1868 veteribus
404 1804 530 1889 negotiis
550 1826 630 1869 nova
652 1805 830 1883 accrescunt,
858 1828 914 1869 nec
927 1810 1030 1870 tameri

238 1908 336 1994 priora
348 1923 539 1994 peragrmnrr,
554 1925 600 1975 tot
612 1913 751 1989 nexibus,
764 1925 810 1976 tot
822 1913 903 1996 quasi
916 1913 1029 1975 catenis

238 2014 336 2099 majus
348 2016 443 2080 indies
464 2016 694 2101 occupationum
716 2039 824 2102 agmen
848 2019 1027 2081 extenditur.

302 2351 354 2398 rx.
377 2351 413 2398 c,
429 2352 576 2398 carmus
592 2335 824 2399 aro'nnrnanr
848 2352 915 2398 suo
933 2354 963 2400 s.
1024 2367 1026 2371 ·

135 2624 140 2634 Ι
238 2494 421 2610 Anxruu
435 2566 485 2609 me
497 2545 528 2610 dc
541 2545 709 2630 inquietum
724 2545 815 2609 habet
827 2543 929 2628 petitio
944 2544 1027 2610 Sexti

239 2648 348 2714 Euritii
362 2651 435 2714 mci.
450 2649 577 2715 Afficior
586 2672 676 2714 cura:
699 2651 836 2735 &quam
849 2671 903 2734 pro
915 2671 964 2713 me
978 2650 1027 2715 sos

238 2756 424 2821 licitudinem
436 2776 500 2820 non
513 2756 586 2833 adii,
594 2757 674 2841 quafi
686 2777 740 2842 pro
750 2778 800 2821 me
810 2758 904 2820 altero
909 2755 1025 2841 patior:

237 2863 269 2927 ἃ
282 2862 415 2947 alioquin
430 2881 516 2926 meus
529 2863 636 2947 pudor,
661 2883 731 2926 mea
749 2862 935 2939 existimatio,
954 2882 1025 2925 mea

239 2967 365 3051 dignitas
376 2968 408 3032 in
422 2966 576 3032 discrimen
590 2969 755 3034 adducitur.
801 2967 867 3054 Ego
878 2967 968 3033 Sexto
981 2968 1028 3031 la·
