2317 3767
222 241 285 334 336
392 266 425 311 c.
452 263 571 311 narn.
602 264 865 311 arrsronnrr.

217 407 303 471 ceris.
347 404 543 472 Referebatur
567 411 605 470 de
622 408 736 471 libertis
756 405 876 471 Afranii
899 405 1016 469 Dextri

220 510 372 587 Consulis,
396 513 543 577 incertum
557 513 619 588 sua,
643 534 683 575 an
692 511 813 576 suorum
827 533 932 587 manu,
947 511 1012 575 sce-

217 619 290 693 lere,
314 638 352 679 an
367 617 507 700 obsequio
525 619 681 701 perempti.
726 618 794 682 Hos
808 619 895 692 alius,
918 618 1008 700 quis?

218 722 284 805 Ego
299 720 359 806 (sed
373 723 451 785 nihil
463 720 564 802 refert)
588 723 651 806 post
662 723 854 807 quaestionem
868 722 1012 806 supplicio

217 817 397 903 liberandos,
419 829 494 891 alius
513 829 546 890 in
570 828 697 893 insulam
722 829 905 911 relegandos,
932 829 1010 891 alius

217 947 312 995 morte
335 933 500 1016 partiendos
523 935 730 998 arbitrabatur.
776 935 916 1018 Quarum
940 933 1009 996 sen-

216 1038 377 1101 tentiarum
392 1049 474 1102 tanta
487 1039 636 1103 diverfitas
659 1053 732 1115 erat,
759 1054 792 1103 ut
814 1061 875 1103 non
894 1039 1008 1123 possent

216 1143 273 1206 effe
297 1143 351 1206 nisi
371 1142 503 1226 fingulae.
547 1144 632 1228 Quid
647 1146 729 1207 enim
743 1166 903 1208 commune
917 1146 1008 1207 habet

217 1250 360 1327 occidere,
379 1252 409 1313 ἃ
420 1250 568 1332 relegare?
594 1271 655 1313 non
663 1249 794 1314 Hercule
809 1251 904 1332 magis
914 1239 1019 1332 quam

217 1357 347 1438 relegare
369 1356 400 1419 dr
422 1354 590 1418 absolvere:
618 1376 790 1439 quanquam
814 1357 934 1439 propior
950 1352 1009 1417 ‘ali-

218 1460 381 1547 quantoest
402 1461 553 1524 sententiae
568 1462 737 1544 relegantis,
760 1483 827 1544 quae
839 1461 1006 1538 absolverit,

217 1588 310 1650 quam
333 1588 401 1650 quae
422 1567 570 1629 occiderit.
617 1566 753 1649 Utraque
779 1568 861 1629 enim
887 1589 926 1629 ex
947 1568 1008 1629 illis

218 1676 312 1736 vitam
327 1673 479 1755 relinquit,
505 1672 570 1735 haec
596 1673 718 1734 adimit:
743 1693 813 1734 cum
836 1674 956 1735 interim
975 1673 1007 1735 δι

217 1781 269 1864 qui
295 1793 389 1843 morte
411 1780 586 1862 puniebant,
613 1780 717 1863 &qui
740 1781 921 1861 relegabant,
947 1801 1007 1842 una

217 1885 366 1962 sedebant,
392 1886 423 1949 bc
447 1886 624 1968 temporaria
637 1884 822 1948 fimulatione
841 1886 1008 1947 concordiae

217 1990 391 2054 discordiam
416 1988 603 2053 differebant.
655 1990 721 2073 Ego
750 1990 945 2073 postulabam,
972 2003 1007 2052 ut

218 2097 312 2159 tribus
326 2095 475 2159 sententiis
489 2095 633 2159 constaret
647 2094 715 2157 suus
737 2116 891 2172 numerus,
909 2117 963 2158 nec
976 2095 1007 2157 se
1109 2150 1111 2155 .

217 2202 356 2278 brevibus
381 2202 507 2264 induciis
535 2203 604 2263 duae
623 2202 793 2286 jungerent.
838 2199 1005 2284 Exigebam

218 2328 299 2389 ergo,
323 2319 356 2367 ut
375 2308 426 2389 qui
441 2307 559 2389 capitali
573 2307 714 2389 supplicio
736 2305 905 2369 afficiendos
919 2322 1007 2389 puta-

217 2414 301 2488 bant,
318 2412 497 2476 discederent
517 2415 534 2476 ai
547 2414 707 2495 relegante,
730 2434 785 2475 nec
800 2413 918 2476 interim
932 2436 1008 2478 con-

218 2530 263 2580 tra
277 2516 459 2581 absolventes
482 2541 555 2582 mox
576 2517 725 2581 dissensuri
747 2535 1008 2603 congregarentur,

218 2625 288 2708 quia
299 2626 453 2708 paululum
464 2623 597 2699 referret,
612 2645 650 2685 an
663 2625 743 2686 idem
751 2623 924 2708 displiceret,
937 2629 1006 2711 qui-

218 2732 275 2793 bus
304 2752 365 2794 non
393 2731 473 2793 idem
495 2729 656 2814 placuisset.
709 2729 791 2792 Illud
813 2731 903 2793 etiam
929 2733 1007 2795 mihi

219 2835 382 2918 permirum
396 2837 563 2911 videbatur,
584 2855 655 2897 eum
668 2836 802 2919 quidem,
819 2839 870 2920 qui
884 2836 1009 2902 libertoa’

219 2941 403 3023 relegandos,
428 2938 525 3003 servos
547 2939 688 3024 supplicio
709 2941 879 3005 afficiendos
901 2942 1007 3005 censu-
