2317 3767
203 237 267 313 280
364 224 830 303 c·PL1N.E‹PlsT6L·AR.

203 401 285 464 mine
310 410 425 473 mutuae
448 398 590 474 casitatis,
626 417 719 481 quam
750 393 850 481 ipsum
880 406 999 480 tempus

202 504 332 587 augebit.
377 501 430 566 Te
454 502 579 586 negotiis
606 502 753 579 destineri,
781 504 822 566 ob
845 502 904 567 hoc
928 523 998 565 mo-

203 607 271 672 leste
293 605 369 684 fero,
392 610 473 691 quod
487 607 631 671 deservire
649 607 750 672 studiis
763 629 826 673 non
849 621 952 692 potes:
975 608 998 671 si

202 726 305 777 tamen
319 714 443 777 alteram
456 713 543 775 litem
559 734 612 795 per
627 713 774 797 judicem,
803 715 939 789 alteram,
964 725 998 775 ut

202 818 258 894 ais,
275 816 334 902 ipse
347 817 471 894 finieris,
487 818 609 902 incipies
623 818 755 901 primum
770 817 831 883 istie
845 820 907 883 otio
921 817 993 896 frui,

203 923 310 989 deinde
325 922 445 988 satiatus
459 925 497 985 ad
511 943 567 986 nos
581 923 700 985 reverti.
746 922 835 986 Vale.

278 1157 369 1201 v111.
400 1155 433 1201 C.
461 1155 608 1199 PLINIUS
633 1154 763 1201 PRlsco
789 1154 856 1201 SUO
881 1156 910 1202 8.

206 1299 447 1413 Exemmana
471 1366 532 1409 non
559 1343 687 1428 possum,
714 1366 806 1429 quam
825 1347 994 1431 jucundum

203 1451 238 1513 s1t
257 1452 345 1528 mihi,
369 1453 450 1535 quod
472 1450 647 1534 Saturninus
670 1448 766 1513 noster
786 1451 919 1519 summas
939 1454 995 1516 tibi

202 1560 280 1639 apud
295 1578 346 1621 me
368 1556 478 1638 gratias
491 1557 557 1619 aliis
576 1554 662 1637 super
678 1556 751 1617 alias
771 1556 899 1640 epistolis
921 1558 992 1639 agit.

204 1660 309 1744 Perge,
340 1672 373 1722 ut
392 1659 515 1742 coepisti,
532 1660 704 1744 ‘virumque
729 1662 879 1744 optimum
903 1681 996 1746 quam

203 1765 426 1831 familiariffime
452 1766 553 1849 dilige,
579 1786 722 1850 magnam
750 1767 941 1850 voluptatem.
955 1787 994 1829 ex

203 1873 333 1936 amicitia
346 1873 411 1956 ejus
420 1884 620 1957 percepturus,
639 1892 694 1933 nec
709 1872 747 1933 ad
761 1871 851 1935 breve
862 1883 991 1956 tempus.

204 1978 291 2042 Nam
315 1999 386 2041 cum
409 1979 550 2041 omnibus
572 1976 733 2039 virtutibus
759 1978 901 2053 abundet,
928 1990 993 2040 tum

201 2085 258 2146 hac
276 2084 434 2167 praecipue,
460 2085 540 2166 quod
555 2083 646 2145 habet
665 2081 832 2143 maximam
845 2082 878 2145 in
892 2101 995 2145 amore
1097 2134 1101 2143 ,

202 2186 407 2251 constantiam.
454 2187 542 2255 Vale,

212 2418 266 2476 ix.
297 2415 706 2462 c.1²L1N1U8c0RNE1,10
732 2402 844 2461 Fusco
870 2415 937 2462 suo
960 2415 990 2460 ε.

207 2562 386 2696 Quadis
401 2608 656 2692 quemadmodum
668 2607 699 2669 in
710 2605 828 2681 secessu,
841 2627 902 2690 quo
909 2605 992 2689 jam·

152 2788 154 2793 s
201 2716 256 2779 diu
281 2712 398 2791 frueris,
421 2725 524 2797 putem
538 2725 568 2775 te
591 2710 703 2774 studere
718 2722 863 2794 oportere.
908 2710 993 2774 Utile

200 2820 351 2905 inprimis,
366 2832 411 2884 .ut
429 2818 517 2881 multi
538 2816 724 2900 praecipiunt,
748 2817 797 2879 vel
815 2838 853 2879 ex
881 2815 993 2901 Graeeo

199 2925 235 2990 in
250 2926 409 3004 Latinum,
436 2924 484 2988 vel
509 2943 547 2986 ex
573 2920 685 2987 Latino
705 2934 818 2986 vertere
845 2923 879 2986 in
900 2919 991 2988 Grae·
