2317 3767
161 341 164 348 ,
225 294 264 339 10
380 296 412 338 C·
439 296 550 340 PLIN.
577 297 840 343 EPISTOLAR·

223 435 391 519 Experieris
405 458 466 516 non
479 436 615 501 Dianam
631 441 726 523 magis
741 441 910 519 montibus,
918 461 1010 525 quam

222 541 398 606 Minervam
413 544 551 607 inerrare.
598 543 686 610 Vale.

226 773 295 819 vlt.
322 773 356 819 C·
381 773 528 819 PLINIUS
552 774 728 823 OCTAVIO
753 778 859 824 RUFO
887 777 955 823 SUO
978 777 1009 821 S.

223 917 360 1040 Vror,
392 964 423 1026 in
446 986 507 1047 quo
533 985 583 1027 me
602 961 718 1048 fastigio
744 967 911 1043 collocaris,
938 985 1009 1034 cum

221 1069 299 1131 mihi
323 1070 404 1132 idem
429 1069 589 1153 potestatis,
618 1072 757 1155 idemque
772 1072 855 1156 regni
882 1073 1011 1149 dederis,

221 1178 302 1260 quod
318 1175 472 1238 Homerus
488 1175 559 1259 Jovi
573 1189 636 1260 opt.
656 1198 739 1239 max.

283 1303 339 1383 Tei
358 1304 384 1369 δ’
408 1299 508 1386 ἕτερον
531 1302 587 1389 μὲν
610 1300 699 1373 ἔδωκε
723 1304 833 1390 πατὴρ,
856 1301 956 1389 ἕτερον
977 1307 1011 1373 δ’

325 1385 468 1456 ἄιένευσε.
633 1405 636 1412 ’
684 1417 686 1420 ’

221 1491 308 1568 Nam
322 1515 378 1577 ego
391 1515 510 1577 quoque
522 1493 610 1555 simili
620 1505 697 1555 nutu
711 1515 746 1556 ae
759 1507 879 1572 renutu,
892 1493 1013 1577 respon·

220 1603 289 1663 dere
311 1614 383 1662 voto
405 1611 459 1671 tuo
486 1595 614 1680 possum.
660 1598 781 1662 Etenim
806 1600 878 1662 ficut
899 1596 946 1661 fas
970 1598 1012 1661 est

220 1705 311 1779 mihi,
334 1701 494 1786 praesertim
516 1714 545 1764 te
561 1704 710 1785 exigente,
733 1702 870 1767 excusare
894 1703 1013 1768 Baeticis

219 1821 323 1874 contra
337 1828 433 1872 unum
447 1809 604 1871 hominem
617 1810 863 1873 advocationem:
891 1811 933 1872 ita
955 1830 1013 1873 nee

219 1916 290 1981 fidei
303 1914 421 1993 nostrae,
435 1936 490 1979 nec
504 1916 687 1992 constantiae,
703 1938 795 2000 quam
809 1917 919 2001 dssigis,
937 1938 1011 1981 con·

219 2022 302 2086 venit
313 2021 519 2085 adessecontra
529 2023 728 2104 provinciam,
736 2043 827 2106 quam
838 2035 882 2086 tot
891 2020 1011 2099 officiis,

218 2138 264 2193 tot
276 2128 440 2205 laboribus,
455 2140 501 2190 tot
510 2128 602 2190 etiam
612 2129 750 2211 periculis
761 2129 837 2191 meis
851 2130 1012 2213 aliquando

218 2234 416 2298 devinxerint.
461 2231 593 2298 Tenebo
613 2255 683 2318 ergo
711 2235 770 2297 hoc
791 2247 1011 2318 temperamen-

218 2353 297 2415 tum,
321 2351 355 2402 ut
378 2360 416 2402 ex
431 2340 560 2416 duobus,
584 2358 714 2422 quorum
728 2341 904 2403 alterutrum
921 2340 1010 2422 petis,

220 2445 329 2527 eligam
344 2445 374 2507 id
389 2445 499 2528 potius,
519 2447 550 2507 in
564 2467 626 2529 quo
636 2466 698 2509 non
720 2444 816 2508 solum
828 2444 922 2508 studio
944 2457 1012 2521 tuo,

218 2571 324 2615 verum
338 2553 429 2613 etiam
439 2551 555 2634 judicio
568 2548 758 2618 satisfaciam.
803 2550 914 2634 Neque
927 2551 1010 2612 enim

219 2670 371 2740 tantopere
399 2657 476 2722 mihi
504 2655 748 2719 confiderandum
776 2655 828 2732 est,
864 2656 936 2738 quid
964 2657 1012 2718 vir

219 2765 351 2847 optimus
372 2763 404 2824 in
417 2758 571 2845 praesentia
586 2762 673 2839 velis,
696 2783 788 2844 quam
809 2761 881 2844 quid
896 2759 1011 2844 semper

219 2868 255 2931 fis
277 2870 466 2952 probaturus.
511 2867 569 2930 Me
591 2869 670 2944 circa
683 2868 750 2929 idus
765 2863 914 2930 Osiobres
929 2864 1012 2949 spero

220 2973 330 3037 Romae
357 2971 513 3037 futurum:
550 2975 715 3056 eademque
742 2973 808 3034 haec
836 2969 1011 3054 praesentem
