2317 3767
403 285 689 338 etseras.
898 269 939 356 87

147 433 240 499 vitam
260 457 313 497 non
329 431 475 519 potestis?
495 433 630 499 Moritur
645 431 775 499 Blaesus:
802 432 845 509 ἃ,
871 444 940 496 tan·

149 558 242 625 quam
252 542 353 604 omnia
366 537 501 616 audisset,
522 540 641 624 Regulo
655 560 694 603 ne
706 537 856 604 tantulum
875 539 942 623 qui-

149 649 232 709 dem.
276 643 434 709 Sufficiunt
458 645 526 707 duae
555 642 678 720 fabulae,
710 664 749 707 an
776 641 944 708 scholastica

150 752 215 835 lege
235 747 355 816 tertiam
380 747 495 834 poscis?
526 748 566 813 est
592 753 671 814 unde
696 749 760 813 fiat.
804 747 941 827 Aurelia,

149 871 255 920 ornata
265 853 409 932 soerrsina,
432 854 577 939 srgnatura
596 854 816 932 testamentum,
842 856 942 942 sump-

149 958 225 1026 serat
253 960 467 1046 pulcherrimas
486 962 620 1025 tunicas:
644 960 780 1045 Regulus
795 979 866 1024 cum
887 984 940 1026 ve-

149 1065 237 1132 nisset
262 1069 301 1129 ad
324 1066 509 1151 fignandum,
542 1068 633 1151 Rogo,
660 1065 768 1151 inquit,
795 1064 847 1129 has
871 1065 944 1131 mihi

148 1174 234 1257 leges.
280 1169 404 1236 Aurelia
425 1173 526 1236 ludere
551 1172 707 1236 hominem
733 1175 866 1257 putabat,
893 1175 943 1237 ille

148 1278 225 1342 serio
236 1277 373 1355 instabat,
393 1264 571 1343 necmulta:
592 1279 693 1361 coigit
704 1279 861 1342 mulierem
873 1300 942 1363 ape-

148 1385 209 1449 rire
223 1384 352 1460 tabulas,
375 1405 408 1447 ac
423 1382 475 1449 fibi
499 1385 628 1460 tunicas,
655 1404 730 1466 quas
751 1396 814 1446 erat
828 1383 941 1458 induta,

148 1492 260 1575 legare.
313 1487 493 1554 Observavit
520 1489 710 1566 scribentem,
750 1486 875 1573 inspexit
905 1508 944 1550 an

150 1595 311 1679 scripsisset.
355 1593 396 1658 Et
422 1592 547 1658 Aurelia
569 1593 692 1679 quidem
714 1591 801 1671 vivit,
828 1593 879 1656 iile
898 1607 944 1656 ta-

152 1721 229 1764 men
242 1700 313 1762 istud
331 1712 474 1784 tanquam
488 1701 664 1764 morituram
683 1700 790 1785 coigit.
836 1698 877 1764 Et
895 1700 944 1763 hic

149 1805 350 1883 haereditates,
371 1806 421 1868 hic
435 1807 543 1888 legata,
558 1806 638 1890 quast
653 1821 812 1882 mereatur,
828 1807 943 1892 accipit.

149 1910 255 1981 Ἀλλά
269 1939 300 1979 τι
315 1912 488 1995 διατάνομιι
502 1913 534 1975 in
549 1933 585 1974 ea
599 1911 728 1988 civitate,
748 1912 778 1974 in
790 1933 849 1997 qua
859 1912 942 1997 jam.

150 2022 269 2104 pridem
298 2040 360 2082 non
385 2020 503 2082 minora
526 2019 663 2102 praemia,
695 2018 791 2081 immo
817 2019 943 2104 majora,

151 2127 287 2210 nequitia
308 2126 339 2188 ἃ
359 2123 545 2208 improbitas,
566 2145 657 2208 quam
682 2126 829 2208 pudor&
851 2123 945 2188 virtus

152 2233 286 2298 habenti
314 2227 421 2314 Aspice
444 2228 609 2313 Regulum,
632 2230 684 2314 qui
710 2251 748 2293 ex
761 2251 888 2315 paupere
913 2233 945 2297 dc

154 2337 249 2422 tenui,
273 2339 312 2399 ad
334 2349 431 2399 tantas
453 2355 523 2418 opes
545 2354 598 2418 per
616 2335 728 2418 flagitia
748 2335 892 2420 proceffit,
912 2352 946 2401 ut

156 2443 217 2527 ipse
243 2441 319 2505 mihi
341 2439 448 2504 dixerit
469 2460 540 2504 cum
559 2437 735 2519 consuleret,
772 2464 864 2526 quam
886 2443 947 2508 cito

156 2546 319 2611 sestertium
331 2545 491 2610 sexcenties
506 2545 681 2631 impleturus
700 2546 781 2626 esset,
805 2549 947 2614 invenisse

156 2653 187 2716 se
208 2667 277 2716 exta
301 2653 462 2737 duplicata,
494 2648 602 2737 quibus
624 2653 760 2737 portendi
785 2654 894 2718 millies
915 2656 947 2719 δε
1008 2705 1014 2715 .

155 2761 308 2823 ducenties
322 2758 506 2823 habiturum.
541 2756 582 2821 Et
596 2755 731 2836 habebit,
754 2758 894 2833 simodo,
913 2774 949 2825 ut

155 2864 261 2948 coepit,
286 2863 384 2926 aliena
405 2862 589 2939 testamenta,
619 2864 712 2948 (quod
733 2863 774 2927 est
793 2864 948 2947 improbis·

537 2966 572 3033 G
592 2985 615 3047 4
