2317 3767
907 2 1001 12 -Π-Ἲψ
1016 4 1067 7 fif?
1111 2 1157 10 ἡὴ..

425 268 720 319 urranrv.
907 248 966 335 165

173 424 208 475 ut
228 408 366 475 foeminae
386 411 562 486 intenditur,
580 411 708 474 arbitror
727 406 965 487 consecuturum,

172 515 275 579 fihaec
293 517 401 579 eadem
418 516 450 578 in
469 516 586 579 afflone
600 516 690 578 latius
705 513 825 592 seilicet,
847 510 965 579 &ube-

174 621 247 698 rius,
267 640 360 706 quam
382 621 570 705 epistolarum
590 619 731 702 angustiae
758 618 868 695 finunt,
893 642 982 685 eon-·

174 727 272 809 tigerit
292 727 370 789 mihi
384 728 434 789 vel
454 728 486 789 in
500 724 730 802 excusationem,
755 715 913 791 ueletiam
935 727 967 789 in

174 833 467 897 commendationem
481 850 581 894 meam
595 830 703 894 dicere.
750 828 838 897 Vale.

206 1066 322 1110 XVIII·
358 1063 392 1109 C·
416 1062 564 1115 PLINIUS
589 1052 784 1112 extortitio
809 1060 877 1106 SUO
902 1061 931 1105 S.

177 1208 518 1339 Qurunnuonuru
542 1254 639 1337 magis
652 1256 814 1338 approbare
832 1254 887 1320 tibi
901 1251 968 1337 pos·

172 1358 250 1436 sum,
266 1371 447 1444 quantopere
466 1360 560 1424 miror
574 1358 798 1443 Epigrammata
811 1371 863 1421 tua
875 1358 967 1423 Grae·

112 1491 116 1500 ’
173 1487 219 1543 ca,
251 1486 345 1550 quam
368 1466 449 1549 quod
467 1466 607 1549 quaedam
629 1464 764 1527 temulari
789 1462 912 1540 Latine,
936 1465 967 1527 ἃ
1052 1460 1055 1467 ’

173 1572 337 1654 exprimere
362 1571 495 1633 tentavi?
523 1568 562 1634 In
584 1570 713 1636 deterius
727 1569 850 1654 quidem
863 1567 968 1632 accidit

174 1679 246 1753 hoc,
267 1677 398 1760 primum
417 1675 622 1739 imbecillitate
642 1676 753 1759 ingenii
766 1676 839 1752 mei,
861 1675 968 1738 deinde

60 1776 63 1778 Α
173 1780 293 1864 inopia:
322 1802 357 1843 ac
381 1783 492 1865 potius,
518 1793 551 1844 ut
574 1779 734 1845 Lucretius
761 1783 814 1859 alt,
843 1779 968 1865 egestate

173 1889 260 1973 patrii
282 1885 437 1951 sermonis.
482 1885 577 1971 Quod
602 1884 625 1948 fi
648 1886 726 1962 hoec,
755 1886 786 1949 δι
809 1908 877 1970 quae
900 1884 968 1950 sunt

173 1995 296 2070 Latina,
321 1995 353 2058 δε
375 2012 444 2056 mea
464 1993 574 2057 lubere
599 1991 654 2055 tibi
676 1992 788 2076 aliquid
809 1989 967 2056 venustatis

172 2101 365 2175 videbuntur,
385 2112 531 2183 quantum
556 2109 642 2180 putas
666 2096 756 2160 inelle
783 2097 826 2159 eis
850 2099 965 2181 gratiae,

172 2226 240 2289 quae
253 2206 317 2269 &i
335 2217 377 2282 te,
401 2203 433 2268 ἂ
452 2202 562 2267 Graece
575 2199 788 2285 proferuntur?
813 2200 901 2266 Vale.

183 2447 184 2452 ¹
227 2436 295 2480 xlx.
331 2435 364 2480 C.
391 2433 540 2479 PLINIUS
564 2433 755 2480 HISPULLAE
783 2434 858 2480 SUAE
881 2434 910 2479 S.

176 2576 288 2693 CUM
308 2627 345 2690 fis
363 2627 480 2710 pietatis
494 2629 677 2712 exemplum,
693 2624 874 2711 fratremque
887 2624 965 2707 opti-

171 2754 258 2797 mum
272 2734 303 2796 ἃ
317 2731 549 2795 amantifflmum
564 2733 609 2796 tui
626 2732 691 2817 pari
712 2733 855 2795 charitate
869 2729 965 2792 dilex-

172 2839 243 2915 eris,
269 2838 423 2922 filiamque
436 2838 501 2921 ejus
524 2851 558 2901 ut
579 2851 663 2902 tuam
685 2837 802 2920 diligas,
825 2853 881 2898 nec
899 2845 967 2911 tan-

124 2943 127 2948 ’
172 2953 238 3006 tum
261 2944 363 3008 amitae
395 2943 471 3027 ejus,
498 2964 605 3008 verum
633 2944 725 3008 etiam
753 2942 845 3026 patris
872 2940 966 3007 arniffi
