2317 3767
218 241 281 332 386
387 265 861 316 c.1³atn.aarsroaan.

213 409 289 471 dum
303 407 393 472 etiam
406 405 606 488 effervescere,
629 407 740 487 efferri,
766 431 801 473 ac
825 409 900 494 saepe
925 431 1015 475 acce·

214 516 283 577 dere
290 516 329 578 ad
342 536 483 599 praeceps.
527 515 616 580 Nam
630 517 807 600 plerumque
821 517 889 578 altis
909 517 941 582 δι
955 538 1013 581 ex·

213 619 294 682 celsis
316 620 450 704 adjacent
475 622 618 705 abrupta:
643 621 736 685 tutius
761 641 814 705 per
832 623 932 705 plana,
962 621 1013 686 sed

211 725 403 790 humilius&
414 725 571 810 depreffius
591 728 665 790 iter:
693 723 876 810 frequentior
889 748 1012 790 curren·

212 831 302 906 tibus,
329 851 422 915 quam
448 832 632 914 reptantibus
655 831 763 915 lapsus.
809 830 866 894 Sed
880 832 927 894 his
948 853 1013 895 non

212 936 380 1002 labentibus
421 937 505 999 nulla
537 938 616 1014 laus,
648 937 709 1000 illis
748 937 894 1000 nonnulla
932 939 1011 1012 laus,

210 1041 323 1106 etiamfi
359 1043 509 1106 labantur.
571 1042 658 1109 Nam
688 1056 722 1106 ut
749 1041 891 1127 quasdam
918 1054 1009 1118 artes,

210 1148 253 1210 ita
281 1148 481 1232 eloquentiam
509 1141 588 1212 nihil
609 1149 718 1232 magis,
744 1168 837 1232 quam
866 1147 1009 1230 ancipitia

210 1256 433 1318 commendant.
479 1253 573 1318 Vides
583 1255 636 1339 qui
650 1276 702 1338 per
722 1252 828 1317 famem
843 1254 876 1317 in
889 1252 1009 1317 summa

210 1359 358 1436 nituntur,
370 1372 497 1444 quantos
510 1356 623 1424 soleant
633 1361 761 1423 excitare
768 1362 924 1435 clamores,
937 1380 1010 1423 cum

204 1464 272 1548 jam
286 1466 412 1550 jamque
426 1464 520 1528 casuri
539 1466 688 1528 videntur.
733 1464 811 1529 Sunt
824 1465 906 1527 enim
919 1485 1008 1526 max-

210 1571 271 1632 ime
285 1570 445 1646 mirabilia,
460 1591 529 1653 quae
552 1571 685 1633 maxime
704 1569 859 1655 insperata,
874 1569 1008 1632 maxime

209 1673 380 1761 periculosa,
421 1688 513 1760 utque
555 1675 660 1740 Graeci
701 1676 797 1759 magis
834 1675 1008 1758 exprimunt

210 1782 374 1868 ooeqrissotoe,
390 1783 457 1845 ideo
470 1774 660 1867 nequaquam
673 1803 727 1867 par
739 1781 945 1865 gubernatoris
959 1778 1003 1842 est

209 1888 315 1965 virtus,
333 1908 404 1951 cum
423 1889 590 1972 placido&
609 1908 680 1952 cum
689 1889 810 1951 turbato
826 1888 903 1950 mari
917 1886 1005 1949 vehi·

208 2003 273 2056 tur:
298 2007 370 2057 tunc
383 1995 549 2057 admirante
570 1994 655 2056 nullo
669 1993 841 2069 illaudatus,
861 1991 1005 2074 inglorius

207 2096 285 2161 subit
297 2112 439 2181 portum:
463 2113 495 2164 at
516 2119 587 2163 cum
601 2098 726 2162 stridunt
739 2095 840 2173 funes,
862 2108 1004 2159 curvatur

207 2206 307 2280 arbor,
322 2206 522 2287 gubernacula
535 2217 672 2287 gemunt,
697 2217 769 2266 tune
788 2203 845 2265 ille'
857 2203 955 2264 clarus
970 2202 1003 2264 δε

207 2311 264 2373 diis
275 2309 367 2373 maris
379 2309 544 2392 proximus.
588 2308 657 2373 Cur
669 2311 755 2372 haec?
783 2308 855 2392 quia
870 2306 949 2369 visus
969 2327 1002 2368 es

168 2412 176 2415 Ἴ
207 2416 285 2479 mihi
302 2415 335 2478 in
355 2412 467 2498 scriptis
482 2414 558 2478 meis
572 2414 723 2478 annotasse
736 2415 886 2497 quaedam,
904 2425 937 2475 ut
950 2425 1001 2475 tu·

207 2523 300 2598 mida,
323 2541 392 2604 quae
414 2540 470 2603 ego
491 2518 650 2584 sublimia:
685 2532 738 2583 aut
760 2519 909 2602 improba,
931 2537 1001 2601 quae

206 2648 262 2710 ego
274 2681 276 2684 Α
287 2625 448 2691 audentia:
472 2638 525 2690 aut
538 2626 644 2703 nimia,
660 2648 729 2711 quae
741 2646 797 2709 ego
819 2627 907 2708 plena
920 2625 1000 2686 arbi·

205 2735 316 2799 trabar.
359 2730 531 2797 Plurimum
543 2743 645 2794 autem
656 2727 747 2794 refert
760 2730 1001 2814 reprehendenda

206 2853 341 2917 annotes,
363 2860 405 2903 an
430 2838 562 2923 insignia.
611 2836 727 2903 Omnis
754 2837 838 2899 enim
858 2836 998 2910 advertit,

205 2948 286 3034 quod
302 2946 427 3023 emittet,
445 2945 477 3010 δι
500 2955 594 3020 extat,
615 2942 666 3006 sed
687 2942 748 3007 aeri
768 2942 932 3011 intentione
950 2940 998 3002 di·
