2317 3767
209 236 252 325 96
362 255 397 303 c.
427 258 543 303 airu.
570 257 837 303 rursrornn.

210 399 293 462 tariis
307 410 459 474 executos,
482 419 544 482 quo
558 395 723 461 deformius
744 397 909 461 arbitrabar
927 401 1006 482 pub-

210 505 260 569 lici
273 503 392 588 hospitii
409 505 480 588 jura
493 504 651 587 negligere.
696 502 844 565 Praeterea
864 524 935 567 cum
956 524 1005 567 re·

210 591 358 686 cordarer,
385 623 497 693 quanta
510 630 565 691 pro
578 607 684 670 iisdem
698 606 817 670 Baeticis
830 608 927 691 priore
951 610 1006 670 ad-

211 714 366 778 vocatione
387 715 479 778 etiam
497 714 628 798 pericula
645 712 805 789 subiiilem,
828 711 1006 776 conservan-

212 812 286 885 dum
312 820 420 884 veteris
444 818 536 883 officii
561 820 703 882 meritum
729 840 810 882 novo
834 819 1003 882 videbatur.

212 924 264 989 Est
279 927 361 991 enim
375 927 416 989 ita
430 936 649 1008 comparatum,
672 937 706 987 ut
724 925 893 1008 antiquiora
913 926 1004 987 bene-

209 1032 278 1095 ficia
291 1029 453 1106 subvertas,
476 1030 530 1093 n'ni
552 1031 613 1093 illa·
626 1029 833 1114 posterioribus
855 1031 1000 1092 cumules.

211 1136 298 1203 Nam
319 1138 485 1221 quamlibet
502 1136 585 1221 saepe'
602 1136 736 1219 obligati,
766 1135 788 1197 fi
813 1136 885 1220 quid
908 1156 1005 1198 unum

212 1263 313 1326 neges,
340 1244 397 1307 hoc
411 1241 508 1306 solum
525 1242 740 1317 meminerunt,
763 1243 844 1326 quod
863 1256 1005 1325 negatum

211 1348 263 1413 est.
302 1350 446 1415 Ducebar
458 1347 561 1430 etiam,
582 1348 662 1432 quod
676 1346 832 1411 decellerat
847 1346 1005 1424 Clafficus,

210 1470 408 1541 amotumque
429 1470 492 1519 erat
511 1456 592 1540 quod
611 1455 644 1516 in
663 1452 808 1538 ejusmodi
829 1452 920 1520 causis
933 1451 1006 1515 solet

212 1561 270 1625 effe
292 1561 496 1637 tristisfimum,
518 1561 684 1644 periculum
702 1559 863 1627 Senatoris.
910 1558 1006 1626 Vide·
1112 1577 1115 1581 ·

212 1670 285 1731 bam
299 1687 369 1754 ergo
382 1665 569 1728 advocationi
585 1687 662 1729 meae
686 1687 747 1728 non
771 1666 921 1751 minorem
936 1684 1005 1747 gra-

211 1773 298 1847 tiam,
318 1792 410 1855 quam
424 1770 445 1834 fi
459 1772 572 1837 viveret
586 1773 636 1835 ille
650 1771 837 1856 propositam,
859 1770 1005 1833 invidiam

211 1878 337 1941 nullam.
384 1877 423 1940 ln
446 1877 573 1954 summa,
597 1880 819 1961 computabam,
843 1875 1005 1941 fimunere

210 1982 280 2059 hoc,
299 1984 365 2068 jam
380 1983 467 2047 tertio
488 1980 639 2068 fungerer,
665 1980 831 2046 faciliorem
853 1982 930 2046 mihi
950 2003 1005 2045 ex-

210 2087 391 2152 cusationem
416 2087 491 2164 fore,
519 2089 540 2151 st
565 2090 633 2172 quis
657 2088 802 2151 incidiffet
824 2110 915 2172 quem
940 2109 1004 2152 non

210 2195 349 2256 deberem
365 2193 508 2258 accusare.
552 2194 640 2257 Nam
653 2215 724 2257 curn
742 2194 783 2256 est
798 2197 938 2258 omnium
955 2192 1005 2258 of-

208 2299 346 2363 ficiorum
359 2299 428 2362 finis
443 2301 563 2385 aliquis,
586 2313 652 2364 tum
675 2277 786 2388 optime
806 2302 935 2366 libertati
951 2323 1004 2364 ve-

210 2406 261 2468 nia
274 2404 415 2489 obsequio
439 2419 629 2493 praeparatur.
675 2406 793 2471 Audisti
814 2408 925 2470 confilii
943 2407 1005 2470 mei

210 2523 322 2588 motus,
358 2509 484 2594 superest
516 2512 657 2575 alterutra
683 2533 721 2573 ex
748 2526 830 2595 parte
853 2512 1005 2596 judicium

209 2632 308 2683 tuum.
354 2615 393 2680 In
408 2629 473 2701 quo
482 2617 559 2679 mihi
575 2639 660 2701 aeque
670 2617 805 2702 jucunda
818 2618 874 2681 erit
892 2617 1005 2702 simpli·
1057 2637 1061 2642 ·

208 2724 281 2787 citas
306 2721 512 2799 diffentientis‚
537 2743 630 2807 quam
660 2723 881 2812 comprobantis
903 2723 1010 2790 austo-

211 2832 296 2894 ritas.
341 2825 429 2891 Vale.
