<?xml version="1.0" encoding="UTF-8"?>
<!DOCTYPE html PUBLIC "-//W3C//DTD XHTML 1.0 Transitional//EN"
    "http://www.w3.org/TR/xhtml1/DTD/xhtml1-transitional.dtd">
<html xmlns="http://www.w3.org/1999/xhtml" xml:lang="en" lang="en">
 <head>
  <title>
</title>
<meta http-equiv="Content-Type" content="text/html;charset=utf-8" />
  <meta name='ocr-system' content='tesseract 3.04.00' />
  <meta name='ocr-capabilities' content='ocr_page ocr_carea ocr_par ocr_line ocrx_word'/>
</head>
<body>
  <div class='ocr_page' id='page_1' title='image "./cpliniicciliise01plingoog_0169.png"; bbox 0 0 2317 3767; ppageno 0'>
   <div class='ocr_carea' id='block_1_1' title="bbox 417 276 960 344">
    <p class='ocr_par' dir='ltr' id='par_1_1' title="bbox 417 276 960 344">
     <span class='ocr_line' id='line_1_1' title="bbox 417 276 960 344; baseline 0.002 -21"><span class='ocrx_word' id='word_1_1' title='bbox 417 276 714 327; x_wconf 76' lang='lat' dir='ltr'>traaarv.</span> <span class='ocrx_word' id='word_1_2' title='bbox 905 278 960 344; x_wconf 82' lang='lat'>¹51</span> 
     </span>
    </p>
   </div>
   <div class='ocr_carea' id='block_1_2' title="bbox 173 415 965 485">
    <p class='ocr_par' dir='ltr' id='par_1_2' title="bbox 173 415 965 485">
     <span class='ocr_line' id='line_1_2' title="bbox 173 415 965 485; baseline -0.005 0"><span class='ocrx_word' id='word_1_3' title='bbox 173 419 260 485; x_wconf 89' lang='lat' dir='ltr'>Nam</span> <span class='ocrx_word' id='word_1_4' title='bbox 267 427 338 483; x_wconf 89' lang='lat' dir='ltr'>cum</span> <span class='ocrx_word' id='word_1_5' title='bbox 348 417 691 485; x_wconf 81' lang='lat' dir='ltr'>ComeliamVestalium</span> <span class='ocrx_word' id='word_1_6' title='bbox 699 418 873 483; x_wconf 85' lang='lat' dir='ltr'>Maximam</span> <span class='ocrx_word' id='word_1_7' title='bbox 880 415 965 482; x_wconf 87' lang='lat' dir='ltr'>defo-</span> 
     </span>
    </p>
   </div>
   <div class='ocr_carea' id='block_1_3' title="bbox 54 524 965 621">
    <p class='ocr_par' dir='ltr' id='par_1_3' title="bbox 54 524 965 621">
     <span class='ocr_line' id='line_1_3' title="bbox 54 524 965 621; baseline 0.002 -34"><span class='ocrx_word' id='word_1_8' title='bbox 54 608 63 621; x_wconf 50' lang='lat'>,</span> <span class='ocrx_word' id='word_1_9' title='bbox 176 530 244 590; x_wconf 88' lang='lat' dir='ltr'>dere</span> <span class='ocrx_word' id='word_1_10' title='bbox 255 527 358 590; x_wconf 86' lang='lat' dir='ltr'>vivam</span> <span class='ocrx_word' id='word_1_11' title='bbox 366 525 554 609; x_wconf 83' lang='lat' dir='ltr'>concupiffet,</span> <span class='ocrx_word' id='word_1_12' title='bbox 567 526 666 618; x_wconf 86' lang='lat' dir='ltr'>utqui</span> <span class='ocrx_word' id='word_1_13' title='bbox 684 524 820 588; x_wconf 82' lang='lat' dir='ltr'>illustrari</span> <span class='ocrx_word' id='word_1_14' title='bbox 834 524 965 589; x_wconf 87' lang='lat' dir='ltr'>seculum</span> 
     </span>
    </p>
   </div>
   <div class='ocr_carea' id='block_1_4' title="bbox 167 629 1026 3041">
    <p class='ocr_par' dir='ltr' id='par_1_4' title="bbox 167 629 1026 3041">
     <span class='ocr_line' id='line_1_4' title="bbox 174 629 965 715; baseline 0.001 -22"><span class='ocrx_word' id='word_1_15' title='bbox 174 631 260 695; x_wconf 88' lang='lat' dir='ltr'>suum</span> <span class='ocrx_word' id='word_1_16' title='bbox 274 629 419 715; x_wconf 84' lang='lat' dir='ltr'>ejusmodi</span> <span class='ocrx_word' id='word_1_17' title='bbox 432 633 571 715; x_wconf 89' lang='lat' dir='ltr'>exemplo</span> <span class='ocrx_word' id='word_1_18' title='bbox 595 632 797 706; x_wconf 80' lang='lat' dir='ltr'>arbitraretur,</span> <span class='ocrx_word' id='word_1_19' title='bbox 813 629 965 694; x_wconf 87' lang='lat' dir='ltr'>Pontificis</span> 
     </span>
     <span class='ocr_line' id='line_1_5' title="bbox 176 738 963 824; baseline 0 -21"><span class='ocrx_word' id='word_1_20' title='bbox 176 739 310 803; x_wconf 85' lang='lat' dir='ltr'>Maximi</span> <span class='ocrx_word' id='word_1_21' title='bbox 329 740 410 824; x_wconf 90' lang='lat' dir='ltr'>jure,</span> <span class='ocrx_word' id='word_1_22' title='bbox 436 738 486 802; x_wconf 88' lang='lat' dir='ltr'>seu</span> <span class='ocrx_word' id='word_1_23' title='bbox 504 741 603 823; x_wconf 82' lang='lat' dir='ltr'>potius</span> <span class='ocrx_word' id='word_1_24' title='bbox 625 740 813 802; x_wconf 74' lang='lat' dir='ltr'>immanitate</span> <span class='ocrx_word' id='word_1_25' title='bbox 833 739 963 824; x_wconf 86' lang='lat' dir='ltr'>tyranni,</span> 
     </span>
     <span class='ocr_line' id='line_1_6' title="bbox 175 843 964 934; baseline -0.001 -26"><span class='ocrx_word' id='word_1_26' title='bbox 175 847 293 908; x_wconf 88' lang='lat' dir='ltr'>licentia</span> <span class='ocrx_word' id='word_1_27' title='bbox 305 845 446 920; x_wconf 88' lang='lat' dir='ltr'>Domini,</span> <span class='ocrx_word' id='word_1_28' title='bbox 462 845 591 929; x_wconf 87' lang='lat' dir='ltr'>reliquos</span> <span class='ocrx_word' id='word_1_29' title='bbox 606 843 775 922; x_wconf 85' lang='lat' dir='ltr'>Pontifices,</span> <span class='ocrx_word' id='word_1_30' title='bbox 790 866 853 908; x_wconf 92' lang='lat' dir='ltr'>non</span> <span class='ocrx_word' id='word_1_31' title='bbox 871 847 903 934; x_wconf 90' lang='lat' dir='ltr'>in</span> <span class='ocrx_word' id='word_1_32' title='bbox 917 866 964 907; x_wconf 88' lang='lat' dir='ltr'>re-</span> 
     </span>
     <span class='ocr_line' id='line_1_7' title="bbox 173 949 965 1034; baseline 0.001 -21"><span class='ocrx_word' id='word_1_33' title='bbox 173 953 267 1034; x_wconf 83' lang='lat' dir='ltr'>giam,</span> <span class='ocrx_word' id='word_1_34' title='bbox 283 950 331 1013; x_wconf 87' lang='lat' dir='ltr'>sed</span> <span class='ocrx_word' id='word_1_35' title='bbox 345 951 377 1012; x_wconf 92' lang='lat' dir='ltr'>in</span> <span class='ocrx_word' id='word_1_36' title='bbox 384 950 538 1013; x_wconf 86' lang='lat' dir='ltr'>Albanam</span> <span class='ocrx_word' id='word_1_37' title='bbox 549 951 654 1013; x_wconf 90' lang='lat' dir='ltr'>villam</span> <span class='ocrx_word' id='word_1_38' title='bbox 666 949 852 1014; x_wconf 69' lang='lat' dir='ltr'>c‘onuo&#39;cavit.</span> <span class='ocrx_word' id='word_1_39' title='bbox 896 951 965 1014; x_wconf 81' lang='lat' dir='ltr'>Nec</span> 
     </span>
     <span class='ocr_line' id='line_1_8' title="bbox 173 1054 963 1140; baseline 0.003 -23"><span class='ocrx_word' id='word_1_40' title='bbox 173 1058 290 1119; x_wconf 91' lang='lat' dir='ltr'>minore</span> <span class='ocrx_word' id='word_1_41' title='bbox 311 1055 428 1131; x_wconf 85' lang='lat' dir='ltr'>scelere,</span> <span class='ocrx_word' id='word_1_42' title='bbox 452 1077 544 1140; x_wconf 88' lang='lat' dir='ltr'>quam</span> <span class='ocrx_word' id='word_1_43' title='bbox 562 1058 644 1140; x_wconf 92' lang='lat' dir='ltr'>quod</span> <span class='ocrx_word' id='word_1_44' title='bbox 675 1054 773 1119; x_wconf 89' lang='lat' dir='ltr'>ulcisci</span> <span class='ocrx_word' id='word_1_45' title='bbox 795 1057 963 1133; x_wconf 85' lang='lat' dir='ltr'>videbatur,</span> 
     </span>
     <span class='ocr_line' id='line_1_9' title="bbox 174 1159 963 1244; baseline 0.004 -22"><span class='ocrx_word' id='word_1_46' title='bbox 174 1159 327 1224; x_wconf 85' lang='lat' dir='ltr'>absentem</span> <span class='ocrx_word' id='word_1_47' title='bbox 343 1162 567 1244; x_wconf 85' lang='lat' dir='ltr'>inauditamque</span> <span class='ocrx_word' id='word_1_48' title='bbox 585 1162 740 1223; x_wconf 84' lang='lat' dir='ltr'>damnavit</span> <span class='ocrx_word' id='word_1_49' title='bbox 759 1161 870 1237; x_wconf 84' lang='lat' dir='ltr'>incesti,</span> <span class='ocrx_word' id='word_1_50' title='bbox 893 1183 963 1225; x_wconf 87' lang='lat' dir='ltr'>cum</span> 
     </span>
     <span class='ocr_line' id='line_1_10' title="bbox 172 1263 963 1349; baseline 0.005 -22"><span class='ocrx_word' id='word_1_51' title='bbox 172 1264 232 1349; x_wconf 85' lang='lat' dir='ltr'>ipse</span> <span class='ocrx_word' id='word_1_52' title='bbox 254 1263 354 1329; x_wconf 86' lang='lat' dir='ltr'>fratris</span> <span class='ocrx_word' id='word_1_53' title='bbox 372 1267 467 1329; x_wconf 87' lang='lat' dir='ltr'>filiam</span> <span class='ocrx_word' id='word_1_54' title='bbox 485 1266 593 1330; x_wconf 85' lang='lat' dir='ltr'>incesto</span> <span class='ocrx_word' id='word_1_55' title='bbox 614 1286 675 1328; x_wconf 91' lang='lat' dir='ltr'>non</span> <span class='ocrx_word' id='word_1_56' title='bbox 694 1265 841 1349; x_wconf 78' lang='lat' dir='ltr'>polluisset</span> <span class='ocrx_word' id='word_1_57' title='bbox 854 1266 963 1345; x_wconf 85' lang='lat' dir='ltr'>solum,</span> 
     </span>
     <span class='ocr_line' id='line_1_11' title="bbox 173 1370 964 1457; baseline 0.001 -24"><span class='ocrx_word' id='word_1_58' title='bbox 173 1370 280 1434; x_wconf 88' lang='lat' dir='ltr'>verum</span> <span class='ocrx_word' id='word_1_59' title='bbox 295 1373 387 1434; x_wconf 90' lang='lat' dir='ltr'>etiam</span> <span class='ocrx_word' id='word_1_60' title='bbox 401 1371 559 1435; x_wconf 78' lang='lat' dir='ltr'>oceidiffet.</span> <span class='ocrx_word' id='word_1_61' title='bbox 591 1371 679 1435; x_wconf 89' lang='lat' dir='ltr'>Nam</span> <span class='ocrx_word' id='word_1_62' title='bbox 689 1371 780 1433; x_wconf 93' lang='lat' dir='ltr'>vidua</span> <span class='ocrx_word' id='word_1_63' title='bbox 793 1374 899 1435; x_wconf 86' lang='lat' dir='ltr'>abortu</span> <span class='ocrx_word' id='word_1_64' title='bbox 913 1394 964 1457; x_wconf 87' lang='lat' dir='ltr'>pe·</span> 
     </span>
     <span class='ocr_line' id='line_1_12' title="bbox 173 1473 965 1561; baseline 0.001 -21"><span class='ocrx_word' id='word_1_65' title='bbox 173 1479 233 1541; x_wconf 89' lang='lat' dir='ltr'>riit.</span> <span class='ocrx_word' id='word_1_66' title='bbox 279 1477 365 1543; x_wconf 77' lang='lat' dir='ltr'>Missi</span> <span class='ocrx_word' id='word_1_67' title='bbox 379 1478 476 1541; x_wconf 86' lang='lat' dir='ltr'>statim</span> <span class='ocrx_word' id='word_1_68' title='bbox 491 1476 663 1553; x_wconf 81' lang='lat' dir='ltr'>Pontifices,</span> <span class='ocrx_word' id='word_1_69' title='bbox 689 1477 742 1561; x_wconf 91' lang='lat' dir='ltr'>qui</span> <span class='ocrx_word' id='word_1_70' title='bbox 755 1473 965 1541; x_wconf 83' lang='lat' dir='ltr'>defodiendam</span> 
     </span>
     <span class='ocr_line' id='line_1_13' title="bbox 173 1580 964 1667; baseline -0.004 -20"><span class='ocrx_word' id='word_1_71' title='bbox 173 1586 397 1667; x_wconf 84' lang='lat' dir='ltr'>necandamque</span> <span class='ocrx_word' id='word_1_72' title='bbox 409 1597 557 1647; x_wconf 85' lang='lat' dir='ltr'>curarent.</span> <span class='ocrx_word' id='word_1_73' title='bbox 603 1583 663 1647; x_wconf 84' lang='lat' dir='ltr'>Ilia</span> <span class='ocrx_word' id='word_1_74' title='bbox 676 1581 756 1647; x_wconf 86' lang='lat' dir='ltr'>nunc</span> <span class='ocrx_word' id='word_1_75' title='bbox 776 1585 813 1646; x_wconf 87' lang='lat' dir='ltr'>ad</span> <span class='ocrx_word' id='word_1_76' title='bbox 831 1580 964 1661; x_wconf 87' lang='lat' dir='ltr'>Vestam,</span> 
     </span>
     <span class='ocr_line' id='line_1_14' title="bbox 175 1689 963 1766; baseline -0.001 -15"><span class='ocrx_word' id='word_1_77' title='bbox 175 1708 258 1751; x_wconf 89' lang='lat' dir='ltr'>nunc</span> <span class='ocrx_word' id='word_1_78' title='bbox 272 1690 309 1749; x_wconf 94' lang='lat' dir='ltr'>ad</span> <span class='ocrx_word' id='word_1_79' title='bbox 332 1702 454 1752; x_wconf 84' lang='lat' dir='ltr'>caeteros</span> <span class='ocrx_word' id='word_1_80' title='bbox 479 1692 550 1752; x_wconf 88' lang='lat' dir='ltr'>deos</span> <span class='ocrx_word' id='word_1_81' title='bbox 565 1709 673 1752; x_wconf 83' lang='lat' dir='ltr'>manus</span> <span class='ocrx_word' id='word_1_82' title='bbox 697 1691 833 1765; x_wconf 80' lang='lat' dir='ltr'>tendens,</span> <span class='ocrx_word' id='word_1_83' title='bbox 856 1689 963 1766; x_wconf 79' lang='lat' dir='ltr'>multa,</span> 
     </span>
     <span class='ocr_line' id='line_1_15' title="bbox 175 1791 968 1881; baseline 0.005 -26"><span class='ocrx_word' id='word_1_84' title='bbox 175 1792 225 1856; x_wconf 92' lang='lat' dir='ltr'>sed</span> <span class='ocrx_word' id='word_1_85' title='bbox 247 1795 305 1857; x_wconf 91' lang='lat' dir='ltr'>hoc</span> <span class='ocrx_word' id='word_1_86' title='bbox 329 1791 560 1878; x_wconf 85' lang='lat' dir='ltr'>frequentissime</span> <span class='ocrx_word' id='word_1_87' title='bbox 588 1795 772 1871; x_wconf 87' lang='lat' dir='ltr'>clamitabat,</span> <span class='ocrx_word' id='word_1_88' title='bbox 795 1793 852 1858; x_wconf 88' lang='lat' dir='ltr'>Me</span> <span class='ocrx_word' id='word_1_89' title='bbox 867 1794 968 1881; x_wconf 80' lang='lat' dir='ltr'>Caesar</span> 
     </span>
     <span class='ocr_line' id='line_1_16' title="bbox 172 1897 964 1987; baseline 0.005 -25"><span class='ocrx_word' id='word_1_90' title='bbox 172 1898 303 1985; x_wconf 82' lang='lat' dir='ltr'>incestam</span> <span class='ocrx_word' id='word_1_91' title='bbox 320 1913 424 1985; x_wconf 80' lang='lat' dir='ltr'>putat:</span> <span class='ocrx_word' id='word_1_92' title='bbox 445 1924 500 1985; x_wconf 77' lang='lat' dir='ltr'>qua</span> <span class='ocrx_word' id='word_1_93' title='bbox 505 1897 599 1987; x_wconf 75' lang='lat' dir='ltr'>sacra</span> <span class='ocrx_word' id='word_1_94' title='bbox 603 1900 744 1986; x_wconf 83' lang='lat' dir='ltr'>faciente,</span> <span class='ocrx_word' id='word_1_95' title='bbox 763 1899 848 1977; x_wconf 58' lang='lat' dir='ltr'>vdit,</span> <span class='ocrx_word' id='word_1_96' title='bbox 859 1901 964 1965; x_wconf 79' lang='lat' dir='ltr'>trium·</span> 
     </span>
     <span class='ocr_line' id='line_1_17' title="bbox 167 2004 966 2091; baseline 0.008 -25"><span class='ocrx_word' id='word_1_97' title='bbox 167 2004 286 2091; x_wconf 72' lang='lat' dir='ltr'>piavit.</span> <span class='ocrx_word' id='word_1_98' title='bbox 331 2004 493 2070; x_wconf 85' lang='lat' dir='ltr'>Blandiens</span> <span class='ocrx_word' id='word_1_99' title='bbox 509 2008 586 2084; x_wconf 83' lang='lat' dir='ltr'>haec,</span> <span class='ocrx_word' id='word_1_100' title='bbox 601 2027 642 2069; x_wconf 88' lang='lat' dir='ltr'>aa</span> <span class='ocrx_word' id='word_1_101' title='bbox 655 2006 790 2083; x_wconf 78' lang='lat' dir='ltr'>irridens,</span> <span class='ocrx_word' id='word_1_102' title='bbox 806 2027 843 2070; x_wconf 84' lang='lat' dir='ltr'>ex</span> <span class='ocrx_word' id='word_1_103' title='bbox 856 2007 966 2072; x_wconf 89' lang='lat' dir='ltr'>fiducia</span> 
     </span>
     <span class='ocr_line' id='line_1_18' title="bbox 170 2110 1026 2196; baseline 0.005 -23"><span class='ocrx_word' id='word_1_104' title='bbox 170 2110 228 2187; x_wconf 87' lang='lat' dir='ltr'>sui,</span> <span class='ocrx_word' id='word_1_105' title='bbox 243 2132 284 2175; x_wconf 88' lang='lat' dir='ltr'>an</span> <span class='ocrx_word' id='word_1_106' title='bbox 307 2124 533 2196; x_wconf 79' lang='lat' dir='ltr'>excontempru</span> <span class='ocrx_word' id='word_1_107' title='bbox 549 2111 695 2196; x_wconf 83' lang='lat' dir='ltr'>Principis</span> <span class='ocrx_word' id='word_1_108' title='bbox 706 2112 823 2188; x_wconf 83' lang='lat' dir='ltr'>dixerit,</span> <span class='ocrx_word' id='word_1_109' title='bbox 839 2114 964 2177; x_wconf 90' lang='lat' dir='ltr'>dubium</span> <span class='ocrx_word' id='word_1_110' title='bbox 1023 2177 1026 2183; x_wconf 84' lang='grc'>,</span> 
     </span>
     <span class='ocr_line' id='line_1_19' title="bbox 172 2215 964 2302; baseline 0.005 -24"><span class='ocrx_word' id='word_1_111' title='bbox 172 2216 231 2280; x_wconf 87' lang='lat' dir='ltr'>est:</span> <span class='ocrx_word' id='word_1_112' title='bbox 255 2216 331 2279; x_wconf 83' lang='lat' dir='ltr'>dixit</span> <span class='ocrx_word' id='word_1_113' title='bbox 344 2219 439 2280; x_wconf 88' lang='lat' dir='ltr'>donec</span> <span class='ocrx_word' id='word_1_114' title='bbox 454 2220 492 2280; x_wconf 90' lang='lat' dir='ltr'>ad</span> <span class='ocrx_word' id='word_1_115' title='bbox 510 2215 686 2302; x_wconf 85' lang='lat' dir='ltr'>supplicium</span> <span class='ocrx_word' id='word_1_116' title='bbox 710 2216 805 2281; x_wconf 85' lang='lat' dir='ltr'>nescio</span> <span class='ocrx_word' id='word_1_117' title='bbox 818 2239 857 2280; x_wconf 88' lang='lat' dir='ltr'>an</span> <span class='ocrx_word' id='word_1_118' title='bbox 877 2219 964 2282; x_wconf 86' lang='lat' dir='ltr'>innu-</span> 
     </span>
     <span class='ocr_line' id='line_1_20' title="bbox 174 2319 967 2409; baseline 0 -23"><span class='ocrx_word' id='word_1_119' title='bbox 174 2344 256 2401; x_wconf 82' lang='lat' dir='ltr'>uene,</span> <span class='ocrx_word' id='word_1_120' title='bbox 272 2319 350 2385; x_wconf 69' lang='lat' dir='ltr'>c‘erte</span> <span class='ocrx_word' id='word_1_121' title='bbox 364 2335 507 2409; x_wconf 85' lang='lat' dir='ltr'>tanquam</span> <span class='ocrx_word' id='word_1_122' title='bbox 521 2345 633 2387; x_wconf 85' lang='lat' dir='ltr'>nocens</span> <span class='ocrx_word' id='word_1_123' title='bbox 656 2323 746 2387; x_wconf 71' lang='lat' dir='ltr'>dueta</span> <span class='ocrx_word' id='word_1_124' title='bbox 764 2322 817 2386; x_wconf 84' lang='lat' dir='ltr'>est.</span> <span class='ocrx_word' id='word_1_125' title='bbox 863 2323 967 2408; x_wconf 78' lang='lat' dir='ltr'>Quin·</span> 
     </span>
     <span class='ocr_line' id='line_1_21' title="bbox 175 2424 965 2505; baseline 0.004 -15"><span class='ocrx_word' id='word_1_126' title='bbox 175 2429 279 2505; x_wconf 88' lang='lat' dir='ltr'>etiam,</span> <span class='ocrx_word' id='word_1_127' title='bbox 306 2449 376 2492; x_wconf 84' lang='lat' dir='ltr'>curn</span> <span class='ocrx_word' id='word_1_128' title='bbox 399 2430 432 2492; x_wconf 90' lang='lat' dir='ltr'>in</span> <span class='ocrx_word' id='word_1_129' title='bbox 454 2429 530 2492; x_wconf 93' lang='lat' dir='ltr'>illud</span> <span class='ocrx_word' id='word_1_130' title='bbox 546 2424 770 2493; x_wconf 82' lang='lat' dir='ltr'>subterraneum</span> <span class='ocrx_word' id='word_1_131' title='bbox 791 2429 965 2493; x_wconf 84' lang='lat' dir='ltr'>eubictdum</span> 
     </span>
     <span class='ocr_line' id='line_1_22' title="bbox 175 2527 965 2619; baseline 0.001 -24"><span class='ocrx_word' id='word_1_132' title='bbox 175 2533 390 2611; x_wconf 88' lang='lat' dir='ltr'>demitteretur,</span> <span class='ocrx_word' id='word_1_133' title='bbox 411 2527 591 2619; x_wconf 76' lang='lat' dir='ltr'>haestffetque</span> <span class='ocrx_word' id='word_1_134' title='bbox 600 2534 788 2598; x_wconf 88' lang='lat' dir='ltr'>descendenti</span> <span class='ocrx_word' id='word_1_135' title='bbox 802 2534 885 2612; x_wconf 77' lang='lat' dir='ltr'>stola,</span> <span class='ocrx_word' id='word_1_136' title='bbox 897 2555 965 2597; x_wconf 89' lang='lat' dir='ltr'>ver·</span> 
     </span>
     <span class='ocr_line' id='line_1_23' title="bbox 174 2637 965 2725; baseline 0.001 -24"><span class='ocrx_word' id='word_1_137' title='bbox 174 2640 211 2701; x_wconf 90' lang='lat' dir='ltr'>tit</span> <span class='ocrx_word' id='word_1_138' title='bbox 230 2637 270 2716; x_wconf 88' lang='lat' dir='ltr'>se,</span> <span class='ocrx_word' id='word_1_139' title='bbox 293 2659 328 2701; x_wconf 88' lang='lat' dir='ltr'>ae</span> <span class='ocrx_word' id='word_1_140' title='bbox 338 2640 498 2724; x_wconf 71' lang='lat' dir='ltr'>recollegit.</span> <span class='ocrx_word' id='word_1_141' title='bbox 524 2647 527 2652; x_wconf 85' lang='lat'>&#39;</span> <span class='ocrx_word' id='word_1_142' title='bbox 543 2638 687 2725; x_wconf 89' lang='lat' dir='ltr'>Cumque</span> <span class='ocrx_word' id='word_1_143' title='bbox 702 2641 730 2703; x_wconf 89' lang='lat' dir='ltr'>ei</span> <span class='ocrx_word' id='word_1_144' title='bbox 748 2637 880 2704; x_wconf 84' lang='lat' dir='ltr'>carnifex</span> <span class='ocrx_word' id='word_1_145' title='bbox 899 2660 965 2702; x_wconf 83' lang='lat' dir='ltr'>ma·</span> 
     </span>
     <span class='ocr_line' id='line_1_24' title="bbox 174 2741 966 2837; baseline -0.001 -31"><span class='ocrx_word' id='word_1_146' title='bbox 174 2765 250 2807; x_wconf 94' lang='lat' dir='ltr'>num</span> <span class='ocrx_word' id='word_1_147' title='bbox 266 2748 360 2822; x_wconf 85' lang='lat' dir='ltr'>daret,</span> <span class='ocrx_word' id='word_1_148' title='bbox 376 2741 508 2808; x_wconf 87' lang='lat' dir='ltr'>aversata</span> <span class='ocrx_word' id='word_1_149' title='bbox 521 2744 573 2822; x_wconf 84' lang='lat' dir='ltr'>est,</span> <span class='ocrx_word' id='word_1_150' title='bbox 591 2747 622 2810; x_wconf 88' lang='lat'>&amp;</span> <span class='ocrx_word' id='word_1_151' title='bbox 635 2744 763 2809; x_wconf 77' lang='lat' dir='ltr'>resrluitz</span> <span class='ocrx_word' id='word_1_152' title='bbox 789 2742 966 2837; x_wconf 20' lang='lat' dir='ltr'>soedvumqu&#39;e</span> 
     </span>
     <span class='ocr_line' id='line_1_25' title="bbox 172 2850 966 2935; baseline -0.001 -21"><span class='ocrx_word' id='word_1_153' title='bbox 172 2850 359 2930; x_wconf 65' lang='lat' dir='ltr'>contaetum,</span> <span class='ocrx_word' id='word_1_154' title='bbox 379 2851 460 2935; x_wconf 75' lang='lat' dir='ltr'>quasa</span> <span class='ocrx_word' id='word_1_155' title='bbox 473 2852 561 2935; x_wconf 85' lang='lat' dir='ltr'>piane</span> <span class='ocrx_word' id='word_1_156' title='bbox 576 2850 684 2916; x_wconf 70' lang='lat' dir='ltr'>aeasto</span> <span class='ocrx_word' id='word_1_157' title='bbox 698 2850 830 2935; x_wconf 82' lang='lat' dir='ltr'>puroque</span> <span class='ocrx_word' id='word_1_158' title='bbox 846 2868 966 2933; x_wconf 87' lang='lat' dir='ltr'>corpore</span> 
     </span>
     <span class='ocr_line' id='line_1_26' title="bbox 174 2952 965 3041; baseline -0.001 -21"><span class='ocrx_word' id='word_1_159' title='bbox 174 2956 331 3020; x_wconf 79' lang='lat' dir='ltr'>novissima</span> <span class='ocrx_word' id='word_1_160' title='bbox 339 2956 492 3020; x_wconf 73' lang='lat' dir='ltr'>sandtimte</span> <span class='ocrx_word' id='word_1_161' title='bbox 506 2957 627 3041; x_wconf 82' lang='lat' dir='ltr'>rejecit:</span> <span class='ocrx_word' id='word_1_162' title='bbox 652 2952 847 3040; x_wconf 89' lang='lat' dir='ltr'>omnibusque</span> <span class='ocrx_word' id='word_1_163' title='bbox 858 2974 965 3019; x_wconf 90' lang='lat' dir='ltr'>nume-</span> 
     </span>
    </p>
   </div>
   <div class='ocr_carea' id='block_1_5' title="bbox 521 3060 583 3128">
    <p class='ocr_par' dir='ltr' id='par_1_5' title="bbox 521 3060 583 3128">
     <span class='ocr_line' id='line_1_27' title="bbox 521 3060 583 3128; baseline 0.016 -1"><span class='ocrx_word' id='word_1_164' title='bbox 521 3060 583 3128; x_wconf 89' lang='lat' dir='ltr'>L2</span> 
     </span>
    </p>
   </div>
   <div class='ocr_carea' id='block_1_6' title="bbox 0 0 1164 3767">
    <p class='ocr_par' dir='ltr' id='par_1_6' title="bbox 0 0 1164 3767">
     <span class='ocr_line' id='line_1_28' title="bbox 0 0 1164 3767; baseline 0 1"><span class='ocrx_word' id='word_1_165' title='bbox 0 0 1164 3767; x_wconf 95' lang='lat' dir='ltr'> </span> 
     </span>
    </p>
   </div>
  </div>
 </body>
</html>
