2317 3767
425 272 716 326 crnrnvr.
896 250 957 344 2¹37

172 395 340 497 arbitrium,
352 432 405 483 aut
417 421 456 483 ad
470 420 557 487 suum
575 418 694 484 facere:
725 418 786 484 mei
803 430 882 482 certe
903 417 963 483 sto·

172 526 283 588 machi·-
296 527 361 589 haec
376 540 483 590 natura
502 525 554 604 est,
577 538 611 591 ut
638 525 715 589 nihil
730 524 785 590 nisi
804 534 904 588 totum
931 525 962 589 &

174 651 291 697 merum
305 633 388 695 velit.
435 631 522 696 Vale.

250 861 314 907 XV.
348 861 382 905 C.
407 861 563 907 PLINIUS
581 860 739 908 ROMANO
757 860 825 907 SUO
843 861 872 906 8.

106 1043 110 1049 ⁴
176 1006 401 1116 Mnemon
426 1051 467 1112 rei
486 1071 548 1114 non
570 1044 808 1117 interfuistii‘ne
821 1071 876 1135 ego
893 1049 965 1133 qui*

174 1159 255 1233 dem,
280 1156 328 1218 sed
343 1176 393 1219 me
407 1176 507 1219 recens
529 1154 632 1218 sabula
646 1158 770 1241 excepit.
814 1154 964 1220 Pasiienus

174 1260 285 1326 Paulus
296 1260 464 1345 splendidus
483 1281 572 1345 eques
588 1261 756 1336 Romanus,
785 1260 965 1343 &inprimis

173 1368 316 1445 eruditus,
340 1365 439 1431 scribit
459 1368 567 1452 elegos.
613 1356 813 1430 Gentilicium
826 1367 884 1428 hoc
906 1366 962 1428 ilii.

176 1471 227 1535 Est
240 1473 322 1537 enim
337 1474 490 1556 municeps
508 1471 664 1555 Propertii,
684 1482 773 1555 atque
787 1470 877 1532 etiam
891 1471 969 1534 inter

176 1579 302 1661 majores
326 1577 393 1642 suos
415 1577 602 1661 Propertium
629 1589 776 1640 numerat.
837 1573 870 1638 Is
896 1595 967 1639 cum

178 1684 323 1764 recitaret,
350 1684 392 1745 ita
413 1684 504 1765 coepit
518 1683 626 1758 dicere,
656 1681 757 1770 Prche
769 1681 887 1767 juber?
915 1680 967 1744 Ad

177 1789 235 1850 hoc
248 1786 413 1869 Jabolenus
434 1785 561 1864 Priscus,
584 1789 696 1872 (aderat
715 1789 797 1852 enim
819 1801 853 1852 ut
873 1787 971 1852 Paulo

176 1887 380 1970 amiciffimus)
407 1891 468 1976 Ego
484 1915 553 1956 vero
577 1913 630 1955 non
643 1891 740 1976 jubeo.
786 1891 896 1978 Cogita
915 1886 968 1979 qui

50 1988 54 1993 ’
177 1995 250 2060 risus
264 1997 435 2073 hominum,
455 1997 508 2081 qui
530 1996 604 2081 joci.
650 1996 702 2062 Est
713 1998 839 2061 omnino
854 1997 968 2064 Priscuo

177 2103 277 2165 dubiae
288 2101 417 2165 sanitatis
431 2128 439 2166 ε
467 2102 584 2166 interest
599 2114 701 2165 tamen
714 2101 831 2183 officiis,
844 2107 967 2170 adhibe-

176 2220 227 2270 tur
240 2206 379 2285 consiliis,
401 2220 488 2292 atque
502 2209 593 2271 etiam
603 2208 654 2294 jus
676 2208 764 2274 civile
784 2212 902 2296 publice
921 2233 968 2275 re-

178 2312 319 2396 spondet:
348 2334 409 2397 quo
422 2314 517 2397 magis
531 2316 612 2398 quod
633 2326 704 2379 tunc
718 2310 800 2394 fecit,
811 2318 843 2380 ἃ
858 2317 968 2379 ridicu-

179 2417 293 2491 lum&
306 2418 435 2481 notabile
448 2415 516 2481 fuit.
562 2419 689 2491 Interim
699 2419 793 2484 Paulo
805 2423 902 2487 aliena
915 2424 969 2484 de·'

180 2523 278 2585 liratio
290 2523 474 2606 aliquantum
497 2521 614 2608 frigoris
635 2525 745 2589 attulit.
790 2525 876 2593 Tam
899 2504 969 2591 soli·

179 2613 236 2691 cite
250 2628 412 2692 recitaturis
427 2630 644 2712 providendum
667 2628 719 2707 est,
734 2651 796 2694 non
814 2630 910 2695 solum
935 2640 970 2693 ut

129 2808 136 2825 θ
178 2732 234 2796 sint
247 2733 298 2818 ipsr
309 2732 382 2810 sani,
408 2735 626 2798 verumetiam
649 2733 966 2799 ut'sanosadhibeant.

183 2837 271 2901 Vale.
