<?xml version="1.0" encoding="UTF-8"?>
<!DOCTYPE html PUBLIC "-//W3C//DTD XHTML 1.0 Transitional//EN"
    "http://www.w3.org/TR/xhtml1/DTD/xhtml1-transitional.dtd">
<html xmlns="http://www.w3.org/1999/xhtml" xml:lang="en" lang="en">
 <head>
  <title>
</title>
<meta http-equiv="Content-Type" content="text/html;charset=utf-8" />
  <meta name='ocr-system' content='tesseract 3.04.00' />
  <meta name='ocr-capabilities' content='ocr_page ocr_carea ocr_par ocr_line ocrx_word'/>
</head>
<body>
  <div class='ocr_page' id='page_1' title='image "./cpliniicciliise01plingoog_0272.png"; bbox 0 0 2317 3767; ppageno 0'>
   <div class='ocr_carea' id='block_1_1' title="bbox 235 264 860 339">
    <p class='ocr_par' dir='ltr' id='par_1_1' title="bbox 235 264 860 339">
     <span class='ocr_line' id='line_1_1' title="bbox 235 264 860 339; baseline -0.018 -18"><span class='ocrx_word' id='word_1_1' title='bbox 235 264 298 339; x_wconf 74' lang='lat'>254</span> <span class='ocrx_word' id='word_1_2' title='bbox 395 269 429 317; x_wconf 82' lang='lat' dir='ltr'>c.</span> <span class='ocrx_word' id='word_1_3' title='bbox 454 266 569 315; x_wconf 71' lang='lat' dir='ltr'>reru.</span> <span class='ocrx_word' id='word_1_4' title='bbox 598 264 860 313; x_wconf 75' lang='lat' dir='ltr'>errsrounn.</span> 
     </span>
    </p>
   </div>
   <div class='ocr_carea' id='block_1_2' title="bbox 220 408 1022 1026">
    <p class='ocr_par' dir='ltr' id='par_1_2' title="bbox 220 408 1022 1026">
     <span class='ocr_line' id='line_1_2' title="bbox 220 408 1020 492; baseline -0.013 -13"><span class='ocrx_word' id='word_1_5' title='bbox 220 413 434 479; x_wconf 79' lang='lat' dir='ltr'>tudini-causae</span> <span class='ocrx_word' id='word_1_6' title='bbox 447 410 653 476; x_wconf 69' lang='lat' dir='ltr'>suffecturum.</span> <span class='ocrx_word' id='word_1_7' title='bbox 689 408 749 473; x_wconf 78' lang='lat' dir='ltr'>&#39;Est</span> <span class='ocrx_word' id='word_1_8' title='bbox 763 408 870 472; x_wconf 88' lang='lat' dir='ltr'>indolis</span> <span class='ocrx_word' id='word_1_9' title='bbox 884 408 1020 492; x_wconf 77' lang='lat' dir='ltr'>optimae,</span> 
     </span>
     <span class='ocr_line' id='line_1_3' title="bbox 222 512 1022 604; baseline -0.011 -21"><span class='ocrx_word' id='word_1_10' title='bbox 222 521 323 584; x_wconf 79' lang='lat' dir='ltr'>›brevi</span> <span class='ocrx_word' id='word_1_11' title='bbox 338 519 535 604; x_wconf 70' lang='lat' dir='ltr'>produdlurus</span> <span class='ocrx_word' id='word_1_12' title='bbox 557 517 643 591; x_wconf 82' lang='lat' dir='ltr'>alios,</span> <span class='ocrx_word' id='word_1_13' title='bbox 672 515 694 578; x_wconf 87' lang='lat' dir='ltr'>fi</span> <span class='ocrx_word' id='word_1_14' title='bbox 717 515 838 577; x_wconf 86' lang='lat' dir='ltr'>interim</span> <span class='ocrx_word' id='word_1_15' title='bbox 863 512 1022 596; x_wconf 76' lang='lat' dir='ltr'>provedius</span> 
     </span>
     <span class='ocr_line' id='line_1_4' title="bbox 228 618 1021 708; baseline -0.008 -20"><span class='ocrx_word' id='word_1_16' title='bbox 228 622 319 695; x_wconf 86' lang='lat' dir='ltr'>suerit</span> <span class='ocrx_word' id='word_1_17' title='bbox 333 627 351 688; x_wconf 74' lang='lat' dir='ltr'>a</span> <span class='ocrx_word' id='word_1_18' title='bbox 365 625 461 687; x_wconf 87' lang='lat' dir='ltr'>nobis.</span> <span class='ocrx_word' id='word_1_19' title='bbox 505 623 617 708; x_wconf 84' lang='lat' dir='ltr'>Neque</span> <span class='ocrx_word' id='word_1_20' title='bbox 631 618 712 685; x_wconf 88' lang='lat' dir='ltr'>enim</span> <span class='ocrx_word' id='word_1_21' title='bbox 725 621 870 703; x_wconf 84' lang='lat' dir='ltr'><strong>cuiquam</strong></span> <span class='ocrx_word' id='word_1_22' title='bbox 881 631 944 680; x_wconf 86' lang='lat' dir='ltr'>tarn</span> <span class='ocrx_word' id='word_1_23' title='bbox 959 618 1021 682; x_wconf 79' lang='lat' dir='ltr'>cla-</span> 
     </span>
     <span class='ocr_line' id='line_1_5' title="bbox 223 724 1020 812; baseline -0.011 -20"><span class='ocrx_word' id='word_1_24' title='bbox 223 751 297 792; x_wconf 81' lang='lat' dir='ltr'>·rum</span> <span class='ocrx_word' id='word_1_25' title='bbox 318 724 422 792; x_wconf 83' lang='lat' dir='ltr'>statim</span> <span class='ocrx_word' id='word_1_26' title='bbox 436 730 591 812; x_wconf 84' lang='lat' dir='ltr'>ingenium</span> <span class='ocrx_word' id='word_1_27' title='bbox 616 727 667 803; x_wconf 90' lang='lat' dir='ltr'>est,</span> <span class='ocrx_word' id='word_1_28' title='bbox 695 740 727 789; x_wconf 92' lang='lat' dir='ltr'>ut</span> <span class='ocrx_word' id='word_1_29' title='bbox 752 724 837 809; x_wconf 83' lang='lat' dir='ltr'>polsrt</span> <span class='ocrx_word' id='word_1_30' title='bbox 857 744 1020 806; x_wconf 86' lang='lat' dir='ltr'>emergere,</span> 
     </span>
     <span class='ocr_line' id='line_1_6' title="bbox 229 830 1020 909; baseline -0.01 -11"><span class='ocrx_word' id='word_1_31' title='bbox 229 834 283 898; x_wconf 86' lang='lat' dir='ltr'>nifi</span> <span class='ocrx_word' id='word_1_32' title='bbox 296 836 341 898; x_wconf 84' lang='lat' dir='ltr'>illi</span> <span class='ocrx_word' id='word_1_33' title='bbox 355 834 489 909; x_wconf 87' lang='lat' dir='ltr'>materia,</span> <span class='ocrx_word' id='word_1_34' title='bbox 504 833 627 908; x_wconf 77' lang='lat' dir='ltr'>occasio,</span> <span class='ocrx_word' id='word_1_35' title='bbox 646 830 745 895; x_wconf 88' lang='lat' dir='ltr'>fautor</span> <span class='ocrx_word' id='word_1_36' title='bbox 758 831 850 892; x_wconf 87' lang='lat' dir='ltr'>etiam</span> <span class='ocrx_word' id='word_1_37' title='bbox 864 832 1020 892; x_wconf 84' lang='lat' dir='ltr'>commen-</span> 
     </span>
     <span class='ocr_line' id='line_1_7' title="bbox 230 937 681 1026; baseline -0.009 -22"><span class='ocrx_word' id='word_1_38' title='bbox 230 944 372 1026; x_wconf 87' lang='lat' dir='ltr'>datorque</span> <span class='ocrx_word' id='word_1_39' title='bbox 385 942 547 1023; x_wconf 84' lang='lat' dir='ltr'>contingat.</span> <span class='ocrx_word' id='word_1_40' title='bbox 593 937 681 1002; x_wconf 88' lang='lat' dir='ltr'>Vale.</span> 
     </span>
    </p>
   </div>
   <div class='ocr_carea' id='block_1_3' title="bbox 296 1160 945 1217">
    <p class='ocr_par' dir='ltr' id='par_1_3' title="bbox 296 1160 945 1217">
     <span class='ocr_line' id='line_1_8' title="bbox 296 1160 945 1217; baseline -0.008 0"><span class='ocrx_word' id='word_1_41' title='bbox 296 1160 406 1217; x_wconf 78' lang='lat' dir='ltr'>xxrv.</span> <span class='ocrx_word' id='word_1_42' title='bbox 441 1173 474 1216; x_wconf 90' lang='lat' dir='ltr'>c.</span> <span class='ocrx_word' id='word_1_43' title='bbox 499 1168 646 1216; x_wconf 70' lang='lat' dir='ltr'>peruius</span> <span class='ocrx_word' id='word_1_44' title='bbox 672 1167 803 1215; x_wconf 80' lang='lat' dir='ltr'>uncno</span> <span class='ocrx_word' id='word_1_45' title='bbox 825 1167 892 1214; x_wconf 86' lang='lat' dir='ltr'>suo</span> <span class='ocrx_word' id='word_1_46' title='bbox 917 1168 945 1213; x_wconf 74' lang='lat' dir='ltr'>a.</span> 
     </span>
    </p>
   </div>
   <div class='ocr_carea' id='block_1_4' title="bbox 227 1322 1020 3034">
    <p class='ocr_par' dir='ltr' id='par_1_4' title="bbox 227 1322 1020 3034">
     <span class='ocr_line' id='line_1_9' title="bbox 235 1322 1017 1451; baseline -0.006 -23"><span class='ocrx_word' id='word_1_47' title='bbox 235 1322 380 1451; x_wconf 76' lang='lat' dir='ltr'>Quam</span> <span class='ocrx_word' id='word_1_48' title='bbox 407 1366 537 1428; x_wconf 86' lang='lat' dir='ltr'>multum</span> <span class='ocrx_word' id='word_1_49' title='bbox 552 1362 679 1439; x_wconf 84' lang='lat' dir='ltr'>interest,</span> <span class='ocrx_word' id='word_1_50' title='bbox 697 1364 768 1448; x_wconf 93' lang='lat' dir='ltr'>quid</span> <span class='ocrx_word' id='word_1_51' title='bbox 783 1366 800 1426; x_wconf 70' lang='grc' dir='ltr'>ὲ</span> <span class='ocrx_word' id='word_1_52' title='bbox 822 1359 1017 1446; x_wconf 86' lang='lat' dir='ltr'>quoquefiat!</span> 
     </span>
     <span class='ocr_line' id='line_1_10' title="bbox 232 1464 1020 1557; baseline -0.01 -22"><span class='ocrx_word' id='word_1_53' title='bbox 232 1471 348 1536; x_wconf 90' lang='lat' dir='ltr'>Eadem</span> <span class='ocrx_word' id='word_1_54' title='bbox 361 1471 444 1532; x_wconf 85' lang='lat' dir='ltr'>enirn</span> <span class='ocrx_word' id='word_1_55' title='bbox 458 1467 538 1532; x_wconf 73' lang='lat' dir='ltr'>facta</span> <span class='ocrx_word' id='word_1_56' title='bbox 551 1472 682 1532; x_wconf 89' lang='lat' dir='ltr'>claritate</span> <span class='ocrx_word' id='word_1_57' title='bbox 697 1472 747 1557; x_wconf 89' lang='lat' dir='ltr'>vel</span> <span class='ocrx_word' id='word_1_58' title='bbox 758 1468 931 1532; x_wconf 90' lang='lat' dir='ltr'>obscuritate</span> <span class='ocrx_word' id='word_1_59' title='bbox 945 1464 1020 1529; x_wconf 85' lang='lat' dir='ltr'>faci-</span> 
     </span>
     <span class='ocr_line' id='line_1_11' title="bbox 231 1574 1019 1652; baseline -0.003 -15"><span class='ocrx_word' id='word_1_60' title='bbox 231 1578 357 1652; x_wconf 85' lang='lat' dir='ltr'>entium,</span> <span class='ocrx_word' id='word_1_61' title='bbox 382 1590 434 1639; x_wconf 90' lang='lat' dir='ltr'>aut</span> <span class='ocrx_word' id='word_1_62' title='bbox 455 1577 602 1639; x_wconf 91' lang='lat' dir='ltr'>tolluntur</span> <span class='ocrx_word' id='word_1_63' title='bbox 615 1575 762 1652; x_wconf 83' lang='lat' dir='ltr'>altiffime,</span> <span class='ocrx_word' id='word_1_64' title='bbox 785 1586 837 1636; x_wconf 89' lang='lat' dir='ltr'>aut</span> <span class='ocrx_word' id='word_1_65' title='bbox 850 1574 1019 1636; x_wconf 88' lang='lat' dir='ltr'>humillime</span> 
     </span>
     <span class='ocr_line' id='line_1_12' title="bbox 233 1677 1019 1765; baseline -0.005 -21"><span class='ocrx_word' id='word_1_66' title='bbox 233 1684 449 1764; x_wconf 88' lang='lat' dir='ltr'>deprimuntur.</span> <span class='ocrx_word' id='word_1_67' title='bbox 499 1681 692 1765; x_wconf 87' lang='lat' dir='ltr'>Navigabam</span> <span class='ocrx_word' id='word_1_68' title='bbox 716 1702 769 1763; x_wconf 88' lang='lat' dir='ltr'>per</span> <span class='ocrx_word' id='word_1_69' title='bbox 797 1680 924 1744; x_wconf 85' lang='lat' dir='ltr'>Larium</span> <span class='ocrx_word' id='word_1_70' title='bbox 953 1677 1019 1741; x_wconf 88' lang='lat' dir='ltr'>nos-</span> 
     </span>
     <span class='ocr_line' id='line_1_13' title="bbox 227 1786 1017 1862; baseline -0.003 -14"><span class='ocrx_word' id='word_1_71' title='bbox 227 1801 325 1862; x_wconf 81' lang='lat' dir='ltr'>trum,</span> <span class='ocrx_word' id='word_1_72' title='bbox 347 1807 416 1849; x_wconf 93' lang='lat' dir='ltr'>cum</span> <span class='ocrx_word' id='word_1_73' title='bbox 430 1786 524 1848; x_wconf 88' lang='lat' dir='ltr'>senior</span> <span class='ocrx_word' id='word_1_74' title='bbox 543 1788 657 1850; x_wconf 88' lang='lat' dir='ltr'>amicus</span> <span class='ocrx_word' id='word_1_75' title='bbox 669 1788 792 1850; x_wconf 88' lang='lat' dir='ltr'>ostendit</span> <span class='ocrx_word' id='word_1_76' title='bbox 813 1787 889 1849; x_wconf 88' lang='lat' dir='ltr'>mihi</span> <span class='ocrx_word' id='word_1_77' title='bbox 903 1786 1017 1860; x_wconf 89' lang='lat' dir='ltr'>villam,</span> 
     </span>
     <span class='ocr_line' id='line_1_14' title="bbox 234 1892 1019 1976; baseline 0.003 -25"><span class='ocrx_word' id='word_1_78' title='bbox 234 1901 321 1973; x_wconf 89' lang='lat' dir='ltr'>atque</span> <span class='ocrx_word' id='word_1_79' title='bbox 335 1892 425 1954; x_wconf 88' lang='lat' dir='ltr'>etiarn</span> <span class='ocrx_word' id='word_1_80' title='bbox 444 1894 616 1955; x_wconf 87' lang='lat' dir='ltr'>cubiculum</span> <span class='ocrx_word' id='word_1_81' title='bbox 639 1894 748 1976; x_wconf 89' lang='lat' dir='ltr'>quod&#39;</span> <span class='ocrx_word' id='word_1_82' title='bbox 741 1912 771 1955; x_wconf 91' lang='lat' dir='ltr'>1n</span> <span class='ocrx_word' id='word_1_83' title='bbox 793 1894 891 1954; x_wconf 91' lang='lat' dir='ltr'>lacum</span> <span class='ocrx_word' id='word_1_84' title='bbox 905 1892 1019 1974; x_wconf 90' lang='lat' dir='ltr'>promi-</span> 
     </span>
     <span class='ocr_line' id='line_1_15' title="bbox 234 1994 1020 2082; baseline 0.003 -24"><span class='ocrx_word' id='word_1_85' title='bbox 234 2008 295 2059; x_wconf 90' lang='lat' dir='ltr'>net.</span> <span class='ocrx_word' id='word_1_86' title='bbox 340 1998 388 2061; x_wconf 81' lang='lat' dir='ltr'>Ex</span> <span class='ocrx_word' id='word_1_87' title='bbox 402 1997 452 2061; x_wconf 86' lang='lat' dir='ltr'>hoc</span> <span class='ocrx_word' id='word_1_88' title='bbox 466 1994 586 2081; x_wconf 81' lang='lat' dir='ltr'>(inquit)</span> <span class='ocrx_word' id='word_1_89' title='bbox 607 1998 755 2082; x_wconf 83' lang='lat' dir='ltr'>aliquando</span> <span class='ocrx_word' id='word_1_90' title='bbox 769 1996 907 2082; x_wconf 81' lang='lat' dir='ltr'>municeps</span> <span class='ocrx_word' id='word_1_91' title='bbox 927 1998 1020 2082; x_wconf 80' lang='lat' dir='ltr'>nostra</span> 
     </span>
     <span class='ocr_line' id='line_1_16' title="bbox 234 2103 1016 2188; baseline 0.005 -26"><span class='ocrx_word' id='word_1_92' title='bbox 234 2124 296 2163; x_wconf 87' lang='lat' dir='ltr'>cum</span> <span class='ocrx_word' id='word_1_93' title='bbox 317 2102 460 2187; x_wconf 84' lang='lat' dir='ltr'>maritose</span> <span class='ocrx_word' id='word_1_94' title='bbox 473 2103 678 2188; x_wconf 69' lang='lat' dir='ltr'>precipitavit.</span> <span class='ocrx_word' id='word_1_95' title='bbox 724 2103 855 2168; x_wconf 88' lang='lat' dir='ltr'>Causam</span> <span class='ocrx_word' id='word_1_96' title='bbox 871 2104 1016 2188; x_wconf 77' lang='lat' dir='ltr'>requisivi.</span> 
     </span>
     <span class='ocr_line' id='line_1_17' title="bbox 230 2206 1018 2272; baseline 0.001 -3.007"><span class='ocrx_word' id='word_1_97' title='bbox 230 2206 369 2269; x_wconf 86' lang='lat' dir='ltr'>Maritus</span> <span class='ocrx_word' id='word_1_98' title='bbox 391 2228 428 2269; x_wconf 87' lang='lat' dir='ltr'>ex</span> <span class='ocrx_word' id='word_1_99' title='bbox 453 2208 569 2270; x_wconf 84' lang='lat' dir='ltr'>diutino</span> <span class='ocrx_word' id='word_1_100' title='bbox 588 2210 737 2271; x_wconf 90' lang='lat' dir='ltr'>morbo</span> <span class='ocrx_word' id='word_1_101' title='bbox 713 2230 789 2272; x_wconf 81' lang='lat' dir='ltr'>circa</span> <span class='ocrx_word' id='word_1_102' title='bbox 808 2210 933 2272; x_wconf 88' lang='lat' dir='ltr'>velanda</span> <span class='ocrx_word' id='word_1_103' title='bbox 954 2230 1018 2272; x_wconf 90' lang='lat' dir='ltr'>cor-</span> 
     </span>
     <span class='ocr_line' id='line_1_18' title="bbox 235 2312 1019 2399; baseline 0.007 -27"><span class='ocrx_word' id='word_1_104' title='bbox 235 2312 314 2393; x_wconf 89' lang='lat' dir='ltr'>poris</span> <span class='ocrx_word' id='word_1_105' title='bbox 337 2312 484 2375; x_wconf 81' lang='lat' dir='ltr'>ulceribus</span> <span class='ocrx_word' id='word_1_106' title='bbox 498 2313 697 2396; x_wconf 87' lang='lat' dir='ltr'>putrescebat</span> <span class='ocrx_word' id='word_1_107' title='bbox 726 2315 824 2391; x_wconf 84' lang='lat' dir='ltr'>Uxor,</span> <span class='ocrx_word' id='word_1_108' title='bbox 848 2328 883 2378; x_wconf 90' lang='lat' dir='ltr'>ut</span> <span class='ocrx_word' id='word_1_109' title='bbox 898 2314 1019 2399; x_wconf 85' lang='lat' dir='ltr'>inspice·</span> 
     </span>
     <span class='ocr_line' id='line_1_19' title="bbox 236 2418 1019 2504; baseline 0.008 -27"><span class='ocrx_word' id='word_1_110' title='bbox 236 2429 293 2493; x_wconf 90' lang='lat' dir='ltr'>ret,</span> <span class='ocrx_word' id='word_1_111' title='bbox 307 2418 424 2499; x_wconf 83' lang='lat' dir='ltr'>exegit:</span> <span class='ocrx_word' id='word_1_112' title='bbox 445 2439 540 2501; x_wconf 89' lang='lat' dir='ltr'>neque</span> <span class='ocrx_word' id='word_1_113' title='bbox 559 2419 640 2500; x_wconf 90' lang='lat' dir='ltr'>enim</span> <span class='ocrx_word' id='word_1_114' title='bbox 654 2440 825 2503; x_wconf 88' lang='lat' dir='ltr'>quenquam</span> <span class='ocrx_word' id='word_1_115' title='bbox 838 2420 980 2483; x_wconf 85' lang='lat' dir='ltr'>fidelius</span> <span class='ocrx_word' id='word_1_116' title='bbox 967 2442 1019 2504; x_wconf 79' lang='lat' dir='ltr'>Ju-</span> 
     </span>
     <span class='ocr_line' id='line_1_20' title="bbox 236 2523 1016 2609; baseline 0.005 -24"><span class='ocrx_word' id='word_1_117' title='bbox 236 2523 413 2601; x_wconf 90' lang='lat' dir='ltr'>dicaturum,</span> <span class='ocrx_word' id='word_1_118' title='bbox 436 2524 565 2608; x_wconf 75' lang='lat' dir='ltr'>possetne</span> <span class='ocrx_word' id='word_1_119' title='bbox 577 2524 683 2588; x_wconf 87' lang='lat' dir='ltr'>sanari.</span> <span class='ocrx_word' id='word_1_120' title='bbox 729 2525 825 2603; x_wconf 90' lang='lat' dir='ltr'>Vidit,</span> <span class='ocrx_word' id='word_1_121' title='bbox 845 2524 1016 2609; x_wconf 87' lang='lat' dir='ltr'>desperavit.</span> 
     </span>
     <span class='ocr_line' id='line_1_21' title="bbox 231 2628 1018 2718; baseline 0.003 -24"><span class='ocrx_word' id='word_1_122' title='bbox 231 2628 366 2694; x_wconf 83' lang='lat' dir='ltr'>Hortata</span> <span class='ocrx_word' id='word_1_123' title='bbox 379 2630 431 2707; x_wconf 82' lang='lat' dir='ltr'>eli,</span> <span class='ocrx_word' id='word_1_124' title='bbox 455 2644 488 2697; x_wconf 89' lang='lat' dir='ltr'>ut</span> <span class='ocrx_word' id='word_1_125' title='bbox 501 2644 675 2708; x_wconf 88' lang='lat' dir='ltr'>moreretur,</span> <span class='ocrx_word' id='word_1_126' title='bbox 699 2631 912 2717; x_wconf 87' lang='lat' dir='ltr'>comesque&#39;s</span> <span class='ocrx_word' id='word_1_127' title='bbox 866 2656 896 2718; x_wconf 90' lang='lat' dir='ltr'>1p</span> <span class='ocrx_word' id='word_1_128' title='bbox 908 2655 925 2695; x_wconf 89' lang='lat' dir='ltr'>a</span> <span class='ocrx_word' id='word_1_129' title='bbox 939 2656 1018 2696; x_wconf 88' lang='lat' dir='ltr'>mor·</span> 
     </span>
     <span class='ocr_line' id='line_1_22' title="bbox 235 2736 1016 2820; baseline 0.001 -22"><span class='ocrx_word' id='word_1_130' title='bbox 235 2736 286 2811; x_wconf 87' lang='lat' dir='ltr'>tis,</span> <span class='ocrx_word' id='word_1_131' title='bbox 306 2737 409 2812; x_wconf 83' lang='lat' dir='ltr'>dux,</span> <span class='ocrx_word' id='word_1_132' title='bbox 401 2757 497 2800; x_wconf 78' lang='lat' dir='ltr'>immo</span> <span class='ocrx_word' id='word_1_133' title='bbox 510 2738 540 2801; x_wconf 88' lang='lat'>&amp;</span> <span class='ocrx_word' id='word_1_134' title='bbox 553 2738 726 2820; x_wconf 87' lang='lat' dir='ltr'>exemplum</span> <span class='ocrx_word' id='word_1_135' title='bbox 739 2739 770 2802; x_wconf 71' lang='grc' dir='ltr'>ἃ</span> <span class='ocrx_word' id='word_1_136' title='bbox 783 2737 932 2801; x_wconf 79' lang='lat' dir='ltr'>necessitas</span> <span class='ocrx_word' id='word_1_137' title='bbox 950 2736 1016 2800; x_wconf 87' lang='lat' dir='ltr'>fuit.</span> 
     </span>
     <span class='ocr_line' id='line_1_23' title="bbox 236 2842 1018 2929; baseline -0.004 -22"><span class='ocrx_word' id='word_1_138' title='bbox 236 2843 323 2907; x_wconf 89' lang='lat' dir='ltr'>Nam</span> <span class='ocrx_word' id='word_1_139' title='bbox 345 2842 457 2906; x_wconf 92' lang='lat' dir='ltr'>secum</span> <span class='ocrx_word' id='word_1_140' title='bbox 479 2842 588 2905; x_wconf 89' lang='lat' dir='ltr'>marito</span> <span class='ocrx_word' id='word_1_141' title='bbox 609 2843 722 2926; x_wconf 87' lang='lat' dir='ltr'>ligavit,</span> <span class='ocrx_word' id='word_1_142' title='bbox 746 2845 910 2929; x_wconf 89' lang='lat' dir='ltr'>abjecitque</span> <span class='ocrx_word' id='word_1_143' title='bbox 922 2845 954 2906; x_wconf 90' lang='lat' dir='ltr'>in</span> <span class='ocrx_word' id='word_1_144' title='bbox 974 2844 1018 2904; x_wconf 89' lang='lat' dir='ltr'>la-</span> 
     </span>
     <span class='ocr_line' id='line_1_24' title="bbox 237 2944 1018 3034; baseline 0.004 -26"><span class='ocrx_word' id='word_1_145' title='bbox 237 2967 318 3011; x_wconf 87' lang='lat' dir='ltr'>cum</span> <span class='ocrx_word' id='word_1_146' title='bbox 363 2946 457 3032; x_wconf 80' lang='lat' dir='ltr'>Quod</span> <span class='ocrx_word' id='word_1_147' title='bbox 484 2944 611 3024; x_wconf 66' lang='lat' dir='ltr'>saelum,</span> <span class='ocrx_word' id='word_1_148' title='bbox 641 2964 681 3011; x_wconf 94' lang='lat' dir='ltr'>ne</span> <span class='ocrx_word' id='word_1_149' title='bbox 706 2949 782 3012; x_wconf 92' lang='lat' dir='ltr'>mihi</span> <span class='ocrx_word' id='word_1_150' title='bbox 810 2950 943 3034; x_wconf 89' lang='lat' dir='ltr'>quidem,</span> <span class='ocrx_word' id='word_1_151' title='bbox 969 2948 1018 3033; x_wconf 87' lang='lat' dir='ltr'>qui</span> 
     </span>
    </p>
   </div>
   <div class='ocr_carea' id='block_1_5' title="bbox 0 0 1174 3767">
    <p class='ocr_par' dir='ltr' id='par_1_5' title="bbox 0 0 1174 3767">
     <span class='ocr_line' id='line_1_25' title="bbox 0 0 1174 3767; baseline 0 0"><span class='ocrx_word' id='word_1_152' title='bbox 0 0 1174 3767; x_wconf 95' lang='lat' dir='ltr'> </span> 
     </span>
    </p>
   </div>
  </div>
 </body>
</html>
