2317 3767
375 288 664 337 innanti.
876 267 914 334 81

123 441 219 493 tatem
232 430 378 514 praecipue
389 430 597 495 Saturnalibus
607 433 704 516 capio,
719 451 789 494 cum
804 428 919 516 reliqua¹

123 558 194 620 pars
216 536 284 599 teeti
298 537 420 599 licentia
437 536 566 613 dierum,
590 533 725 620 festisque
738 536 920 599 clamoribus

123 639 269 726 personat.
313 642 400 705 Nam
418 662 473 704 nec
492 641 551 725 ipse
563 635 705 705 'meorum
719 640 842 718 lusibus,
864 661 920 705 nec

124 748 170 809 illi
180 745 282 809 studiis
295 747 372 809 meis
385 747 567 830 obstrepunt.
611 746 690 811 Haec
707 748 831 825 utilitas,
853 747 920 810 haec

124 853 297 927 amoenitas,
320 851 459 914 deficitur
470 873 549 936 aqua
561 851 689 928 salienti,
704 852 752 916 sed
766 866 871 937 puteos
885 873 921 916 ac

123 958 223 1039 potius
237 954 336 1018 sontes
353 958 455 1020 habet.
500 957 577 1020 Sunt
591 958 673 1020 enim
689 959 721 1020 in
738 956 869 1036 summo,
888 960 920 1023 &

123 1063 252 1125 omnino
262 1062 358 1124 litoris
368 1063 451 1126 illius
472 1063 549 1125 mira
564 1076 683 1125 natura.
726 1063 921 1149 Quocunque

123 1167 193 1230 loco
204 1169 335 1230 moveris
349 1169 492 1244 humum,
509 1170 618 1232 obvius
632 1171 662 1233 δι
676 1182 797 1253 paratus
810 1172 921 1234 humor

123 1273 266 1349 occurrit,
289 1271 370 1357 isque
391 1272 531 1350 sincerus,
555 1294 591 1336 ae
614 1294 654 1335 ne
674 1275 780 1337 leviter
797 1275 919 1359 quidem

122 1391 207 1441 tanta
230 1379 322 1441 maris
344 1379 496 1442 vicinitate
517 1378 619 1442 salsus.
665 1379 833 1463 Suggerunt
845 1378 921 1443 affa-

122 1485 180 1547 tim
209 1485 304 1567 ligna'
324 1485 471 1568 proximae
498 1484 600 1569 sylvae.
659 1484 795 1550 Caeteras
822 1486 922 1569 copias

123 1589 269 1656 Ostiensis
282 1591 400 1674 colonia
414 1590 568 1655 ministrat.
616 1591 709 1675 Frugi
723 1592 846 1676 quidem
865 1591 921 1653 ho·

124 1691 207 1785 mini
223 1692 327 1756 sufficit
337 1697 428 1759 etiam
440 1697 537 1774 vicus,
552 1719 644 1781 quem
658 1713 720 1761 una
731 1697 804 1760 villa
814 1694 920 1760 discer-

122 1801 184 1876 nit,
199 1800 232 1861 in
242 1799 299 1863 hoc
312 1801 430 1864 balinea
440 1802 592 1866 meritoria
606 1804 674 1866 tria.
704 1801 823 1886 Magna
836 1823 920 1866 com-

122 1907 267 1982 moditas,
290 1905 311 1968 fi
335 1903 412 1970 forte
431 1908 591 1971 balineum
617 1909 711 1985 domi,
739 1908 787 1970 vel
807 1905 921 1972 subitus

122 2015 284 2089 adventus,
293 2014 342 2096 vel
351 2013 471 2076 brevior
481 2034 566 2077 mora
574 2010 736 2078 calefacere
747 2012 919 2077 dissuadeat.

124 2119 215 2187 Litus
230 2129 339 2181 ornant
349 2118 489 2181 varietate
498 2118 659 2203 gratissima
669 2139 750 2182 nune
768 2119 920 2197 continua,

124 2245 208 2288 nune
230 2222 394 2287 intermissa
415 2224 493 2287 tesia
520 2225 673 2302 villarum,
699 2245 767 2309 quae
787 2222 924 2307 praestant

122 2335 293 2395 multarum
311 2331 433 2395 urbium
455 2328 575 2409 faciem,
596 2332 655 2394 sive
674 2331 737 2415 ipso
752 2332 840 2407 mari,
863 2330 922 2394 five

124 2436 191 2521 ipso
214 2438 300 2500 litore
328 2445 430 2500 utare
468 2436 562 2522 Quod
591 2457 809 2522 nonnunquam
833 2438 923 2521 longa

123 2543 326 2626 tranquillitas
339 2543 452 2619 mollit,
475 2542 581 2628 saepius
599 2540 739 2627 frequens
757 2544 789 2607 δε
802 2557 922 2608 contra-

124 2650 190 2712 rius
209 2649 319 2716 fluetus
341 2650 471 2712 indurat.
516 2648 608 2713 Mare
627 2670 689 2712 non
707 2648 774 2712 sane
788 2648 923 2733 preciofis

121 2752 254 2838 piscibus
268 2756 419 2817 abundat:
443 2754 535 2818 soleas
557 2766 660 2817 tamen
678 2755 710 2818 δε
728 2753 848 2838 squillas
866 2773 921 2835 op·

121 2860 215 2923 timas
230 2857 368 2943 suggerit.
415 2858 500 2923 Villa
517 2865 592 2924 vero'
610 2855 707 2922 nostra
721 2859 814 2923 etiam
828 2857 923 2920 medi·

124 2977 276 3029 terraneas
297 2964 398 3048 copias
419 2963 546 3049 praestat,
568 2965 616 3029 lac
630 2964 662 3028 in
676 2964 791 3048 primis.
835 2961 921 3028 Nam

509 3068 545 3135 G
