2317 3767
330 275 686 336 ..ti'nnm
764 308 767 313 >
881 284 944 356 473

159 434 241 498 minae
250 430 373 516 quidem
386 430 518 507 flumem
527 452 561 494 re
576 453 649 495 vero
662 432 762 494 cloaca
774 426 944 506 mamma,

157 560 225 622 quae
238 537 310 601 ficut
330 538 424 621 turpis
446 538 477 600 &
498 520 736 599 immundiiiima
750 533 880 618 aspeau,
905 536 949 597 ita

157 643 293 727 pestilens
303 642 345 705 est
358 644 448 706 odore
462 642 625 705 teterrimo.
669 641 791 725 Quibus
805 660 843 703 ex
856 639 948 702 causis

157 768 220 811 non
245 748 345 810 minus
367 746 543 810 salubritatis
561 767 656 830 quam
676 747 790 809 decoris
817 744 945 823 interest,

157 872 226 915 eam
240 854 366 937 contegi.
410 852 504 938 Quod
525 852 588 929 fiet,
611 852 632 914 fi
647 851 821 936 permiseris,
838 872 945 915 curan·

155 956 236 1019 tibus
257 960 395 1021 nobisne
418 957 490 1020 defit
514 940 633 1043 quoqua
643 959 767 1041 pecunia
788 958 868 1042 operi
883 971 945 1020 tam

158 1079 280 1144 magno,
295 1062 387 1148 quam
401 1062 567 1126 neceiiario.

329 1293 362 1337 C.
387 1292 575 1345 TRAIANUS
602 1291 727 1338 mmo
746 1292 775 1336 S.

163 1434 374 1570 Rammius
389 1485 430 1548 est
448 1485 491 1552 mi
511 1485 645 1549 Secunde
661 1481 815 1560 carissime,
829 1486 946 1568 contegi

158 1610 274 1674 aquam⁴
291 1589 387 1666 istam,
409 1612 477 1674 quae
495 1611 547 1674 per
567 1592 718 1654 civitatem
739 1588 958 1677 Amastriano-5

157 1694 227 1759 nim
240 1694 320 1771 fluit,
338 1695 359 1758 fi
374 1696 490 1758 deteiia
502 1695 664 1758 salubritati
680 1694 770 1758 obest.
814 1686 958 1758 Pecunia

157 1819 198 1861 ne
211 1800 282 1863 huic
294 1801 375 1884 operi
391 1799 462 1862 defit
474 1813 645 1863 curaturum
660 1813 689 1861 te
702 1798 863 1863 secundum
876 1801 945 1863 dili·

51 1952 55 1957 .
158 1905 389 1989 gentimntuam
402 1918 517 1967 certum
530 1905 638 1969 habeo.
696 1928 699 1935 ’

277 2135 327 2179 cl.
362 2133 395 2179 C·
415 2131 571 2179 -PLINIUS
590 2137 649 2180 TR.
678 2136 758 2181 1M1’.
784 2137 814 2183 S.

159 2281 295 2394 Voma
313 2325 448 2390 Domine
458 2328 591 2410 priorum
604 2349 751 2393 annorum
765 2343 944 2416 nuncupata,

159 2432 270 2494 alacres
298 2432 417 2515 laetique
445 2431 656 2515 pariolvimus:
691 2454 827 2517 novaque
848 2434 947 2500 narsus

112 2590 115 2594 .
160 2552 281 2601 curante
292 2539 542 2614 commilitonum,
558 2541 589 2603 &
603 2542 830 2623 provincialium
840 2542 946 2624 pietate

161 2642 360 2727 suscepimus:
386 2645 495 2726 precati
511 2643 608 2721 Deos,¹
627 2657 660 2707 ut
674 2658 714 2720 te,
737 2667 859 2730 remque
868 2650 948 2730 pub·

161 2746 252 2811 licam
267 2747 422 2813 florentem
436 2749 468 2811 &
492 2749 686 2826 incolumem,
712 2771 748 2812 ea
768 2752 948 2835 benignitate

160 2850 321 2932 servarent,
332 2872 423 2936 quam
437 2851 522 2936 super
531 2874 666 2937 magnas,
678 2854 876 2939 plurimasque
885 2857 947 2919 vir-
