2317 3767
789 6 820 9 ψ’
833 9 884 12 ννννν
888 9 1105 16 -—---—ff.-..-.—.-2WV

914 278 970 342 141

171 424 292 499 excolo,
318 441 354 486 ac
371 422 439 508 jam
462 422 579 507 pollmn
601 423 670 500 tibi,
695 434 730 487 ut
752 421 820 486 aliis
844 421 877 484 in
901 422 974 486 locir

173 533 320 593 horreum
343 530 480 613 plenum,
509 530 548 593 fic
575 531 619 593 ibi
644 528 787 593 scrinium
809 525 972 592 ostendere.

178 634 277 718 Igitur
298 648 332 699 tu
354 636 513 718 quoquesr
535 650 615 699 certa
635 636 667 699 &
687 631 839 698 frutuosa
862 634 974 718 predia

175 738 368 824 concupiscis,
392 741 506 825 aliquid
520 741 554 804 in
566 742 625 804 hoc
638 742 725 804 litore
738 760 820 825 para.
869 738 959 805 Vale.

257 971 337 1017 v11.
371 971 405 1015 C.
432 967 580 1016 PLINIUS
608 969 742 1018 turmo
766 971 835 1019 wo
862 970 892 1018 8·

180 1114 297 1229 Sura
318 1162 374 1227 tibi
387 1163 465 1240 dico,
488 1160 578 1226 ineffe
592 1163 656 1227 vim
677 1163 806 1247 Regulo.
850 1164 972 1231 Minun

173 1268 228 1345 eil,
256 1288 348 1352 quam
370 1266 479 1331 efficiat
506 1269 538 1331 in
559 1269 642 1353 quod
665 1268 812 1333 incubuit.
857 1268 974 1336 Placuit

173 1375 202 1436 ei
216 1376 320 1458 lugere
338 1374 455 1439 filium:
476 1375 558 1457 luget
577 1387 613 1436 ut
626 1394 728 1438 nemo.
773 1373 890 1440 Placuit
912 1375 970 1438 sta·

174 1493 241 1544 tuas
266 1481 332 1566 ejus
354 1482 386 1545 ἃ
409 1481 554 1564 imagines
576 1500 669 1564 quam
694 1479 840 1563 plurimas
860 1477 971 1557 facere,

175 1587 234 1649 hoc
256 1589 398 1651 oumibus
423 1584 551 1651 officinis
572 1586 644 1671 agit.
690 1584 786 1650 Illum
807 1586 969 1662 coloribus,

177 1692 266 1754 illum
287 1711 364 1769 cera,
390 1693 478 1755 illurn
508 1713 578 1768 aere,
610 1693 698 1758 illurn
717 1703 852 1777 argento,
882 1691 973 1756 illurn

176 1819 263 1875 auru,
290 1801 388 1876 ebore,
413 1819 563 1862 marmore
586 1797 711 1884 effingit.
758 1797 825 1883 Ipse
842 1818 916 1861 vero
938 1798 970 1862 δι

173 1925 269 1989 nuper
283 1905 419 1968 adhibito
433 1904 547 1989 ingenti
562 1906 711 1969 auditorio
724 1905 837 1969 librum
850 1905 888 1966 de
907 1902 970 1967 vita

173 2010 238 2095 ejus
254 2010 407 2074 recitavit:
434 2008 524 2075 Turn
542 2012 673 2075 eundem
688 2011 800 2074 librum
818 2010 851 2073 in
865 2031 969 2074 exem-

171 2117 267 2203 plaria
293 2114 499 2201 transcriptum
525 2117 621 2194 mille,
651 2137 704 2202 per
724 2128 819 2181 totam
847 2115 970 2180 Italiam

173 2222 398 2307 provinciasque
422 2222 544 2287 dimifit.
591 2222 707 2306 Scripfit
730 2222 860 2307 publice,
891 2234 926 2285 ut
950 2220 970 2285 l

173 2329 385 2394 decurionibus
408 2329 566 2413 eligeretur
584 2326 784 2393 vocaliflirnur
801 2326 910 2412 aliquis
931 2347 969 2390 ex

174 2431 253 2517 ipsu,
281 2436 335 2520 qui
364 2436 475 2520 legeret
503 2457 575 2501 curn
600 2435 733 2522 populor
770 2430 887 2499 factum
914 2433 966 2498 cst.

173 2538 265 2603 Hanc
280 2541 331 2604 ille
351 2543 427 2619 vim,
452 2541 514 2626 (seu
534 2563 601 2626 ·qu0
623 2542 683 2606 alio
696 2540 819 2606 nornine
836 2541 969 2605 vocanda

172 2645 215 2709 est
238 2646 365 2711 intentio
378 2648 520 2733 quicquid
534 2648 610 2711 velis
623 2643 790 2725 obtinendi)
808 2643 830 2708 fi
854 2646 892 2707 ad
913 2664 969 2725 po·

172 2753 249 2817 tiora
262 2755 403 2832 vertiffct,
430 2766 578 2839 quantum
593 2753 666 2818 boni
679 2750 795 2816 efficere
808 2747 966 2836 potuiffeti

170 2879 346 2944 quanquam
367 2859 467 2923 minor
481 2859 527 2923 vis
549 2859 650 2937 bunis,
672 2877 766 2944 quarn
780 2855 868 2920 maris
882 2851 972 2929 inest,

170 2985 206 3026 ac
231 2963 314 3038 ficut,
342 2967 457 3048 ἀμαθία
486 2961 543 3049 μὲν
572 2962 712 3048 Surio&
748 2957 896 3046 λογισμὸς
933 2956 973 3030 δὲ
