2317 3767
309 264 676 333 „urorum
872 264 933 334 445

149 410 287 478 futurum
300 411 346 490 stt,
363 434 426 477 non
449 414 489 477 est
502 413 664 500 exjustitia
685 411 850 483 nostrorum
860 422 939 473 tem·

150 540 269 602 porum.
535 532 538 539 ’

166 792 171 797 ,
247 751 354 798 LXIV·
390 752 424 797 C·
450 751 599 799 PLINIUS
623 750 682 796 Tu.
706 750 786 794 1M1’.
810 750 839 793 S.

147 895 333 1027 Summus·
358 942 492 1008 Domine
517 945 625 1027 gratias
656 964 723 1027 ago,
753 944 833 1027 quod
861 943 938 1007 inter

148 1049 297 1113 maximas
319 1031 538 1132 occupationes,
559 1050 595 1112 iis
614 1050 773 1133 dequibus
787 1060 817 1111 te
831 1047 937 1111 consu·

148 1154 203 1233 lui,
220 1176 269 1219 me
283 1175 401 1237 quoque
419 1174 517 1237 regere
533 1155 670 1236 dignatus
692 1175 736 1229 es,
756 1155 837 1237 quod
857 1173 938 1215 nunc

148 1281 266 1345 quoque
281 1256 384 1336 facias,
400 1280 482 1342 rogo.
527 1256 614 1323 Adiit
627 1259 708 1323 enim
730 1278 780 1321 me
801 1258 935 1343 quidam,

147 1366 359 1448 indicavitque,
384 1362 561 1431 adversarios
576 1363 643 1427 suos
660 1365 678 1427 ὲ
701 1361 826 1426 Servilio
838 1361 937 1428 Calvo

147 1468 303 1539 clariffrmo
323 1471 388 1533 viro
412 1471 444 1532 in
463 1466 625 1533 triennium
639 1469 794 1551 relegatos,
813 1468 845 1531 in
867 1491 936 1552 pro-

148 1576 247 1641 vincia
265 1575 396 1639 morari:
420 1576 465 1641 illi
487 1588 601 1650 contro,
625 1576 663 1637 ab
678 1575 783 1637 eodem
802 1572 831 1636 se
855 1573 937 1636 resti-

149 1692 228 1744 tutos
247 1675 481 1755 affirmaverunt,
508 1680 697 1763 edictumque
725 1679 934 1743 recitaverunt.

147 1784 222 1870 Qua
242 1784 327 1851 causa
345 1785 536 1851 neceffarium
555 1786 766 1860 credidi‚‘rem
786 1786 936 1868 'integram

149 1893 188 1955 ad
202 1902 231 1955 te
242 1888 360 1955 referre.
399 1889 486 1955 Nam
498 1888 569 1953 ficut
579 1890 728 1953 mandatis
738 1891 798 1954 tuis
812 1904 935 1955 cautum

147 1995 200 2073 est,
225 2017 264 2058 ne
282 1994 433 2059 restituam
446 1996 486 2059 ab
500 1992 570 2072 alio,
594 2007 645 2058 aut
666 1997 685 2059 zi
701 2016 750 2058 me
769 1996 933 2079 relegatos:

146 2101 189 2164 ita
202 2103 239 2163 de
253 2100 290 2162 iis
303 2120 377 2183 quos
393 2100 512 2164 alius&
526 2100 711 2183 relegaverit,
725 2102 755 2165 &
769 2101 934 2179 restituerit,

64 2236 68 2241 ¹
147 2208 224 2269 nihil
255 2203 501 2289 comprehensum
531 2205 583 2269 est.
626 2205 702 2269 Ideo
734 2218 768 2270 tu
800 2207 936 2273 Domine

146 2309 342 2374 consulendus
366 2309 456 2390 fuisti,
486 2312 557 2396 quid
582 2310 737 2376 observare
761 2332 810 2374 me
832 2314 934 2389 velles,

146 2429 209 2481 tam
221 2416 353 2481 Hercule
365 2419 402 2479 de
417 2417 465 2491 iis,
491 2419 630 2500 quamde
646 2417 705 2481 illis
716 2416 768 2501 qui
782 2418 814 2480 in
830 2438 935 2501 perpe·

148 2532 238 2595 ‚tuum
255 2521 386 2604 relegati,
412 2542 465 2585 nec
476 2520 611 2598 restituti,
626 2523 657 2584 in
671 2522 822 2605 provincia
831 2516 935 2605 depre-

147 2627 329 2688 henduntur.
361 2625 459 2695 „Nam
485 2627 551 2701 haeo
567 2647 685 2711 quoque
709 2625 817 2710 species
832 2628 936 2699 incidit

147 2730 180 2795 in
193 2730 394 2815 cognitionem
408 2751 517 2795 meam.
563 2730 614 2795 Est
631 2732 711 2794 enim
727 2734 876 2799 'adductus
897 2738 935 2798 ad

147 2859 197 2901 me
226 2837 258 2899 in
286 2850 460 2921 perpetuum
486 2837 630 2920 relegatus
655 2835 672 2899 ὲ
699 2832 783 2919 Julio
808 2859 935 2922 procon-

147 2942 220 3009 tute.
273 2941 351 3026 Ego,
377 2942 446 3027 quia
472 2940 600 3008 sciebam
623 2941 688 3006 acia
710 2940 787 3007 Bato
810 2942 932 3021 resciffa,
