2317 3767
376 272 674 326 'monum
879 258 943 349 48'3

152 434 253 484 meam
276 442 386 506 regere,
410 424 442 486 id
464 422 516 498 est,
536 421 679 486 beneficia
699 435 750 485 tua
763 423 947 511 interpretari

101 536 106 545 '
153 525 212 612 ipse
226 529 365 611 digneris.

289 756 367 805 CXX.
401 761 593 814 TRAJANUS
626 760 810 807 PL1NIOS.

157 905 419 1016 IsELAsmooM
455 964 526 1015 tuno
555 956 687 1038 primum
723 954 799 1016 mihi
827 954 947 1015 videtur

153 1058 280 1140 incipere
304 1058 425 1121 deberi:
448 1080 519 1121 cum
538 1061 605 1143 quis
628 1060 661 1121 in
683 1059 835 1122 civitatem
861 1057 944 1120 suam

154 1164 213 1248 ipse
237 1161 396 1232 ἆσέλκσεν.
442 1163 577 1228 Obsonia
602 1162 706 1228 eorum
733 1166 944 1241 certaminum,

150 1272 223 1353 'quae
243 1252 387 1333 Isehstieo
404 1269 462 1332 effe
483 1272 595 1354 placuit
620 1269 707 1345 mihi,
729 1270 833 1332 fiante
854 1269 945 1333 Isela·

154 1375 223 1437 stica
241 1397 302 1439 non
321 1372 454 1451 fuerunt,
488 1387 566 1439 retro
588 1396 649 1438 non
675 1377 831 1438 debentur.
875 1375 945 1448 Nec

154 1463 294 1564 pmfleme
312 1500 366 1564 pro
384 1480 526 1542 defiderio
547 1474 726 1542 adssotoru'm
752 1479 856 1563 potest,
882 1494 946 1543 tam

154 1606 262 1649 eorum
290 1608 358 1670 quae
387 1586 485 1670 postea
512 1583 657 1649 Iselafflca
693 1586 758 1668 lege
780 1585 944 1651 'constituit

154 1698 245 1775 quam
259 1711 339 1775 quae,
350 1711 421 1783 cum
433 1692 596 1767 vincerent,
610 1689 667 1753 effe
681 1690 836 1753 defierunt.
867 1691 945 1754 Mo.

154 1811 216 1860 tata
236 1797 316 1859 enim
330 1797 497 1859 conditione
512 1796 721 1871 certaminum,
750 1796 947 1868 nihilominus

152 1920 221 1988 qoae
235 1915 306 1966 ante
317 1914 517 1986 perceperant,
541 1922 602 1963 non
616 1912 803 1967 revocantur.

261 2132 361 2178 oxxl.
399 2133 433 2178 C·
451 2132 598 2176 PLINIUS
623 2126 681 2180 ΤΒ.
702 2131 786 2176 ΙΜΡ.
811 2131 840 2177 8.

156 2278 304 2404 Ust
321 2325 354 2387 in
367 2325 424 2396 hoc
439 2336 568 2408 tempus,
594 2323 742 2399 Domine,
763 2343 860 2406 neque
880 2323 945 2385 cuia

152 2450 245 2515 quam
274 2430 437 2512 diplomata
465 2429 667 2504 commodavi,
695 2449 790 2512 neque
820 2428 852 2490 in
881 2446 945 2490 rem

154 2538 248 2598 ollam
270 2535 323 2596 nifi
342 2548 428 2599 tuam
441 2533 516 2610 mifi,
544 2554 636 2618 quam
661 2545 834 2617 perpetuam
848 2531 946 2596 serva·

153 2640 268 2702 tionem
283 2658 382 2702 meam
394 2642 534 2722 quaedam
548 2637 698 2700 neceffitas
712 2639 802 2721 rupit.
848 2638 947 2708 Uxori

153 2745 236 2807 enim
247 2765 324 2809 meae
338 2745 439 2808 audita
452 2757 548 2807 morte
563 2744 624 2819 avi,
645 2743 757 2805 volenti
770 2744 809 2804 ad
821 2743 947 2806 amitam

153 2847 237 2912 suam
257 2869 424 2926 excurrere,
458 2847 544 2912 usum
572 2869 678 2911 eorum
706 2868 812 2930 negare
837 2849 946 2912 durum

152 2955 267 3038 putavi,
289 2976 360 3019 cum
374 2954 441 3018 talis
455 2952 544 3017 officii
555 2953 649 3037 gratia
665 2953 698 3015 in
712 2952 860 3015 celeritate
873 2972 947 3015 con-
