2317 3767
217 278 279 348 374
384 283 418 327 c.
449 283 855 331 rumunnense.

218 442 357 486 earnes
386 443 419 487 c.
442 447 475 487 ne
497 449 539 488 me
567 427 672 510 cogatis
694 427 844 513 implorare
869 425 1011 490 auxilium

216 528 417 593 Tribunatum.
468 530 510 593 Et
545 531 643 595 statim
672 532 807 596 Murena
834 531 1010 608 Tribunus,

216 634 356 699 Permitto
367 634 422 698 tibi
434 634 487 699 vir
499 637 645 722 clarifflme
658 638 769 723 Vejento
779 639 882 704 dicere.
915 639 1012 704 Tunc

215 757 334 822 quoque
352 741 540 804 reclamatur,
588 744 673 806 Inter
686 765 785 807 moras
801 744 917 809 Consul
933 746 1010 809 cita·

215 846 253 907 tis
268 846 453 921 nominibus,
478 848 509 909 δε
522 849 641 931 perasta
659 848 827 913 discessione
841 851 933 912 mittit
955 849 1010 912 Se·
1047 890 1052 897 -

216 962 334 1026 natum,
361 972 395 1013 ac
409 973 485 1034 pene
510 954 608 1016 adhuc
623 954 759 1030 stantem,
785 967 1011 1037 tentantemque
1068 978 1072 982 ·

214 1056 310 1117 dicere
327 1055 527 1140 Vejentonem
548 1060 700 1143 relinquit.
746 1058 884 1122 Multum
901 1060 951 1121 ille
972 1061 1012 1120 de

215 1160 272 1222 hac
294 1160 347 1243 (ita
362 1159 522 1241 vocitabat)
536 1165 729 1239 contumelia,
744 1164 861 1247 questus
882 1164 923 1226 est
939 1164 1012 1227 Ho-

217 1266 328 1328 merico
342 1265 438 1342 versu,

229 1365 274 1437 Ὦ
289 1368 386 1458 γέρον,
410 1367 431 1452 ἦ
444 1373 532 1456 μάλα
548 1376 585 1455 δή
604 1401 637 1441 σε
651 1372 709 1443 νέοι
723 1375 828 1457 respect
844 1380 985 1458 μαχηῖαί.

215 1477 293 1541 Non
304 1476 365 1541 fere
379 1479 534 1563 quisquam
547 1482 579 1542 in
595 1481 704 1544 Senatu
719 1478 789 1558 fuit,
810 1481 862 1564 qui
884 1500 945 1543 non
960 1501 1012 1542 me

215 1585 470 1667 complesieretur,
487 1584 716 1662 exoscularetur,
736 1587 930 1669 certatimque
943 1587 1011 1648 lau-

217 1692 286 1752 dem
304 1691 482 1766 cumularet,
506 1693 587 1774 quod
601 1691 799 1754 intermissum
809 1691 927 1776 jamdiu
942 1711 1010 1753 mo-

216 1817 280 1858 rem
295 1798 326 1859 in
352 1796 506 1880 publicum
521 1795 705 1874 consulendi,
731 1795 866 1880 susceptis
887 1796 1013 1878 propriis

217 1900 426 1977 fimultatibus,
452 1901 649 1965 reduxissem:
673 1905 754 1987 quod
776 1902 903 1985 denique
919 1899 1010 1963 Sena-

218 2019 283 2068 tum
304 2007 416 2069 invidia
430 2006 608 2085 liberassem,
627 2028 688 2092 qua
706 2006 849 2090 flagrabat
868 2007 945 2089 apud
959 2026 1009 2068 or-

204 2109 301 2172 dines
312 2112 398 2186 alios,
410 2114 491 2196 quod
498 2111 616 2175 severus
627 2114 658 2175 in
669 2124 801 2188 caeteros,
819 2111 1010 2174 senatoribus

218 2214 285 2278 solis
300 2214 528 2280 dissimulatione
544 2217 624 2300 quasa
636 2233 741 2281 mutua
752 2230 895 2300 parceret.
932 2215 1011 2279 Haec

220 2321 285 2383 asia
299 2319 367 2382 sunt
381 2320 498 2384 absente
513 2320 620 2386 Certo.
632 2320 634 2323 ’
665 2320 776 2385 Absuit
792 2323 874 2384 enim
887 2321 936 2383 seu
950 2322 1010 2383 tale

218 2427 329 2510 aliquid
340 2424 509 2509 suspicatus,
524 2427 584 2492 sive
598 2439 632 2489 ut
641 2426 844 2505 excusabatur,
859 2427 1007 2490 infirmus.

218 2530 259 2596 Et
284 2531 458 2595 relationem
480 2534 602 2617 quidem
621 2536 659 2595 de
680 2554 717 2595 eo
732 2532 835 2596 Caesar
856 2535 893 2596 ad
917 2533 1009 2598 Sena-

218 2652 361 2702 tum‘non
375 2637 495 2702 remisit.
540 2638 672 2703 Obtinui
695 2652 796 2703 tamen
818 2641 898 2723 quod
912 2639 1009 2702 inten-

217 2747 332 2808 deram.
377 2740 464 2808 Nam
488 2745 602 2828 collega
616 2744 702 2810 Certi
724 2743 922 2820 consulatum,
944 2742 1010 2807 suc-

219 2851 359 2914 cessorem
375 2849 486 2915 Certus
512 2852 644 2935 accepit:
665 2852 810 2934 planeque
824 2846 939 2912 fassum
956 2847 1008 2922 est,

219 2958 300 3040 quod
328 2957 462 3020 dixeram
491 2957 523 3019 in
547 2955 619 3033 stne,
653 2957 767 3021 Reddat
784 2954 935 3041 premium
950 2951 1010 3038 sub
