2317 3767
191 255 283 344 219⁶
389 275 422 322 c.
453 273 863 322 rutuaur1swtnn.

189 480 195 489 ,
220 415 441 499 Ιοείελρίυῐὶδυε
456 415 590 501 dispofita
603 415 705 482 sedilia.
721 415 740 480 ie
756 420 927 493 'mannorej
945 424 1013 509 qud

188 580 192 587 .
220 522 423 596 ambulatione
434 520 532 598 fessos,
554 530 591 585 ut
602 522 775 586 cubiculum
783 520 1011 607 ‘ipsumjuvaut

222 624 372 693 Fonticuli
391 627 692 713 sedilibusadjaeent',
718 648 771 712 per
794 639 893 692 totum
906 628 1014 711 hippo-

221 730 510 807 dromum'indudtis
536 732 640 796 fistulis
662 734 793 817 strepunt
812 734 881 810 rivi,
904 734 1015 816 &qua

193 904 196 909 ,
221 859 329 902 manus
342 839 447 913 duxit,
460 836 641 923 sequuntun,
664 838 725 903 His
739 859 819 902 nunc
833 839 885 901 illa
894 837 1014 929 viridia,v

147 987 150 993 -
222 965 303 1008 nunc
325 945 403 1020 haec,
429 944 585 1013 interdum
610 944 701 1008 fimut
720 944 832 1009 ,omnia
861 944 1011 1010 lavantur.

223 1048 369 1119 Vitassem
389 1049 586 1134 jamdudum,
609 1069 647 1112 ne
660 1050 781 1113 viderer.
795 1046 936 1132 argutior,
961 1045 1015 1111 nifi

221 1155 431 1240 proposuitiem
464 1175 570 1232 omnes
601 1156 727 1240 angulos
762 1166 862 1216 tecum
894 1151 1015 1236 epistola

221 1260 409 1333 circumire.⁴
433 1260 545 1346 Neque
567 1260 805 1334 enim—uerebar,
827 1277 865 1319 ne
883 1257 1014 1321 lahorio-

142 1438 146 1447 ,
221 1363 288 1431 sum
302 1366 372 1431 effet
388 1367 507 1451 legenti
522 1367 590 1444 tibi,
610 1366 691 1450 quod
706 1361 885 1427 visentinon
898 1358 1012 1429 fuisset:

221 1470 383 1554 praesertim
396 1492 466 1536 cum
474 1468 694 1555 interquiescere
705 1467 726 1531 sr
739 1468 856 1544 liberet,
871 1466 1015 1553 deposita·

221 1598 280 1661 que
293 1577 422 1661 epistola,
435 1575 514 1660 quafi
524 1574 647 1637 resrdere
657 1564 761 1658 saepius
769 1571 874 1656 podes.
901 1571 1015 1636 Praete-

222 1701 273 1744 rea
285 1680 392 1744 indulfi
400 1681 493 1743 amori
511 1701 591 1743 meo.
608 1677 692 1745 Amo
702 1679 796 1755 enim,
806 1698 874 1762 quae
882 1678 1015 1745 maxima

192 1846 195 1851 ,
221 1805 260 1847 ex
272 1798 354 1869 parte
367 1784 426 1870 ipse
433 1786 586 1863 inchoavi,
598 1797 650 1848 aut
664 1785 802 1851 inchoata
810 1784 952 1868 percolui.
971 1783 1013 1853 ·In

222 1890 339 1955 summa
350 1892 415 1978 (cur
428 1892 510 1955 enim
524 1912 586 1955 non
596 1891 727 1975 aperiam
741 1889 797 1952 tibi
811 1888 1015 1974 veljudicium
1122 1894 1127 1899 ’

223 2016 326 2059 meum
354 1998 555 2060 velerrorem
569 1993 594 2075 ἓ)
626 1997 758 2080 primum
785 2015 851 2079 egor
879 1993 1015 2059 officium

223 2099 370 2184 scriptoris
383 2100 529 2177 existimo,
556 2114 591 2165 ut
612 2102 735 2173 titulum
749 2099 835 2164 suum
850 2100 940 2184 legat,
967 2112 1014 2163 at-

223 2225 281 2290 que
295 2205 459 2268 identidem
481 2207 641 2289 interroget
655 2205 696 2283 se,
711 2205 783 2290 quid
802 2207 924 2290 coeperit
944 2203 1014 2268 scri„

221 2312 308 2373 bere:
339 2308 479 2394 sciatque,
514 2311 536 2374 sr
575 2313 709 2375 materiae
736 2312 924 2388 immoratur,
938 2333 1014 2379 ⁴non

224 2414 289 2485 esse.
303 2417 427 2500 longum
442 2441 461 2490 e„
476 2416 690 2500 longiffimum,
716 2416 737 2479 st
759 2417 870 2508 aliquid
898 2415 1015 2480 accerfit

224 2535 312 2607 atque
336 2522 469 2585 attrahit.
515 2520 623 2598 Vides,
641 2522 730 2606 ”quot
747 2521 875 2585 verfibus
894 2517 1014 2585 Home·

228 2648 290 2703 rus,
308 2638 389 2711 quot.
404 2624 550 2709 Virgilius
563 2647 658 2702 arma,
678 2626 868 2704 hieAEneae,
884 2625 1014 2699 Achillis

222 2732 287 2810 ille,
307 2730 449 2803 describat
460 2756 475 2801 z,
490 2731 590 2795 brevis
615 2743 718 2803 tamen
732 2743 860 2817 uterque*
873 2731 925 2809 est,
941 2732 1012 2817 quia
1066 2742 1072 2751 '

225 2836 297 2911 faeit
311 2840 391 2922 quod
410 2835 544 2903 instituit.
590 2835 697 2914 Vides,
725 2850 760 2900 ut
773 2834 885 2909 Aratus
912 2838 1015 2902 minu-

223 2942 332 3009 u'ffima
341 2944 433 3015 etiam
445 2941 538 3008 fidera
557 2937 739 3006 consedetur
756 2942 787 3012 δι
800 2943 931 3028 colligat,
946 2962 1015 3009 m0·.
