2317 3767
337 258 728 325 '‘eruerem-
895 238 958 321 *461

170 416 282 486 quanto
307 402 427 477 melius,
455 401 644 465 honestorum
659 401 818 465 hominum
840 401 962 476 liberos,

92 487 95 497 ¹
112 557 115 562 .
170 530 263 592 quam
278 507 295 571 ὲ
311 509 396 592 plebe
412 509 443 569 in
462 508 575 570 curiam
591 508 719 570 admitti.
764 506 830 590 Ego
844 509 862 570 ri
877 506 961 581 desti-

129 643 133 652 ,
169 614 246 674 natis
275 612 455 688 censoribus,
485 614 557 695 quid
592 613 730 675 sentirem
754 614 960 695 interrog-etue,

170 740 222 780 eos
243 719 377 802 quidem,
393 719 444 800 qui
465 720 594 781 minores
616 740 689 780 xxx.
713 721 800 781 annis
818 717 962 799 gessissent

169 823 383 906 magistratum,
399 825 541 906 putabam
556 823 635 907 posse
654 824 686 885 in
707 822 854 898 senatum,
867 824 897 885 δι
916 823 960 883 se-

169 930 301 990 cundum
317 929 450 990 edietum
476 928 615 1011 Augusti,
636 929 666 991 &
688 928 849 993 secundum
864 929 961 1011 legem
1026 938 1029 943 '

173 1031 348 1117 Pompejam
363 1034 434 1115 legi,
453 1034 596 1115 quoniam
610 1031 759 1116 Augustus
780 1055 879 1115 gerere
893 1054 959 1096 ma-

168 1137 303 1218 gistratus
325 1140 490 1201 minoribus
504 1139 590 1200 annis
611 1158 685 1217 xxx.
703 1137 884 1220 permisisset,
911 1141 960 1203 lex

169 1243 333 1306 senatorem
359 1243 417 1305 esse
430 1242 576 1317 voluisset,
601 1243 652 1324 qui
671 1242 793 1324 gessisset
808 1243 959 1325 magistra-

169 1363 246 1411 tum.
291 1350 342 1413 De
355 1350 404 1411 his
418 1360 519 1411 autem
534 1348 585 1432 qui
600 1369 660 1410 non
677 1346 833 1430 gessissent,
851 1369 959 1432 quam·

169 1456 215 1515 vis
230 1454 321 1517 essent
345 1454 439 1541 aetntis
454 1452 597 1537 ejusdem,
616 1453 702 1538 cujus
726 1454 770 1515 illi
785 1454 893 1537 quibus
906 1474 958 1535 ge-

168 1580 231 1622 rere
245 1559 416 1642 permissum
431 1559 471 1621 est
483 1559 664 1623 haesitabam.
703 1556 761 1620 Per
773 1560 854 1642 quod
868 1555 959 1627 effere

168 1679 234 1728 tum
247 1665 299 1739 ess,
317 1676 348 1726 ut
363 1677 392 1724 te
409 1662 544 1727 Domine
563 1663 758 1740 consulerem,
773 1664 845 1747 quid
860 1662 958 1726 obser·

169 1773 230 1835 vari
245 1772 348 1835 velles.
381 1768 491 1852 Capita
506 1771 590 1854 legio,
606 1782 672 1832 tum
687 1771 818 1835 edictum
833 1768 958 1853 Augusti

167 1877 258 1943 literis
270 1875 389 1959 subjeci.

322 2087 478 2151 fexxxr'v,
514 2106 573 2150 tn.
597 2105 727 2150 cumo
747 2107 776 2149 s.

168 2253 518 2365 Inretpnmmom
544 2311 605 2360 tuae
621 2300 664 2361 mi
691 2298 825 2361 Secunde
848 2298 957 2361 cariffi-

166 2425 227 2479 me,
251 2405 331 2466 idem
355 2404 501 2479 existimo,
525 2404 669 2466 hactenus
692 2404 790 2466 edicto
810 2403 873 2465 divi
888 2402 957 2466 Au·

164 2507 238 2589 gusti
252 2523 394 2573 novatam
409 2509 466 2573 esse
484 2512 582 2590 legem
596 2507 784 2592 Pompejam,
801 2520 835 2569 ut
849 2507 957 2590 magis.

164 2627 279 2679 tratum.
288 2616 411 2698 quidem
424 2614 536 2697 ‚capere
559 2613 673 2696 possent
687 2613 721 2689 ii,
747 2613 799 2696 qui
821 2633 882 2677 non
897 2615 956 2674 mi-

164 2740 251 2781 nores
267 2722 395 2783 duorum
416 2721 446 2783 &
462 2719 567 2800 viginti
583 2738 730 2781 annorum
741 2715 845 2792 essent,
860 2717 891 2780 δι
904 2718 962 2801 qui

164 2822 349 2907 accepissent,
375 2826 409 2886 in
429 2823 563 2885 senatum
577 2821 717 2908 cujusque
736 2822 866 2888 civitatis
886 2844 955 2906 per·

163 2930 310 2993 venirent.
366 2927 522 2992 Caeterum
554 2949 616 2991 non
645 2941 737 3012 capto
771 2927 954 3010 magistratu,
