2317 3767
227 256 268 342 ιθ
387 288 849 337 c.rr.rrr.rr1sror.nr.

224 426 317 513 potest
342 426 502 514 perspicere
525 427 698 514 sapientem.
754 428 916 513 Qrantum
943 427 1021 492 mihi

213 538 327 597 tamen
351 554 470 598 cernere
495 536 594 612 datur,
625 536 722 600 multa
746 535 780 598 in
805 533 958 617 Euphrate
982 532 1021 598 fic

224 640 359 704 eminent
391 640 576 717 deducent,
616 654 651 704 ut
680 640 870 704 mediocriter
901 655 1020 722 quoque

224 745 328 811 doctos
350 748 517 824 advertant,
532 748 564 811 dr
585 745 728 811 afficiant.
773 745 917 829 Disputat
926 744 1019 810 subti-

223 851 302 928 liter,
327 853 468 936 graviter,
487 865 603 929 ornate,
622 849 793 937 frequenter
809 853 902 916 etiam
917 850 1019 916 Plato·

223 955 324 1036 nicam
338 958 423 1020 illam
444 956 660 1022 sublimitatem
674 958 706 1023 de
720 958 910 1022 latitudinem
931 956 1019 1022 effin-

223 1062 277 1144 git.
323 1061 428 1127 Sermo
440 1063 481 1126 est
499 1063 646 1147 copiosus,
664 1065 696 1129 de
715 1064 834 1128 varius:
859 1064 955 1128 dulcis
970 1065 1019 1128 in-

223 1168 340 1250 primis,
371 1170 402 1233 &
426 1170 479 1254 qui
504 1182 703 1253 repugnantes
730 1189 849 1254 quoque
870 1171 960 1232 ducat
988 1171 1019 1235 ἃ

224 1272 369 1357 impellat.
398 1273 449 1339 Ad
460 1275 526 1338 haec
543 1275 703 1358 proceritas
717 1275 847 1358 corporis
860 1275 892 1339 ἃ
913 1277 1019 1337 decora

223 1374 326 1456 facies,
347 1380 488 1445 demissus
499 1382 637 1465 capillus,
651 1382 755 1463 ingens
769 1381 801 1444 δι
813 1399 889 1443 cana
902 1382 1016 1447 barbas

222 1504 292 1568 quae
302 1485 372 1552 licet
385 1482 508 1548 fortuita
530 1486 561 1548 ἃ
572 1484 674 1546 inania
684 1490 838 1567 putentur,
858 1484 903 1547 illi
917 1497 1018 1547 tamen

223 1589 599 1673 plurimum'venerationis
612 1590 780 1673 acquirunt.
815 1589 932 1655 Nullus
946 1592 1017 1655 hor·

222 1715 273 1759 ror
286 1694 318 1757 in
331 1694 430 1771 vultu,
451 1694 535 1758 nulla
548 1692 675 1772 tristitia,
688 1695 821 1758 multum
835 1695 995 1760 severitatis
1006 1719 1016 1775 ;

171 1785 174 1788 ¹
222 1801 394 1877 reverearis,
426 1798 581 1864 occursum
611 1821 674 1865 non
698 1798 884 1865 reformides.
936 1800 1018 1865 Vitae

222 1903 361 1970 sansiitas
371 1905 501 1984 summa,
515 1907 642 1972 comitas
652 1928 717 1992 par.
755 1904 1016 1988 lustratorum,

223 2012 456 2077 nonhominer:
480 2029 536 2076 nec
549 2012 669 2096 castigat
682 2025 825 2090 errantes,
845 2010 894 2076 sed
912 2033 1017 2077 emend

223 2119 285 2181 dat.
318 2117 456 2203 Sequaris
472 2129 647 2182 monentem
661 2129 804 2195 attentus,
819 2119 851 2182 δι
863 2123 1014 2203 pendensr

222 2224 254 2290 δι
267 2222 439 2307 persuadere
460 2224 644 2302 tibs,·etiam
666 2245 737 2288 cum
757 2207 941 2310 persuaserit,
962 2246 1016 2290 cu·

222 2328 297 2413 pias.
341 2329 414 2412 Jam
435 2349 507 2393 vero
523 2329 612 2393 liberi
632 2344 702 2408 tres,
723 2333 785 2395 duo
805 2351 915 2409 mares,
941 2353 1017 2416 quos

222 2433 441 2519 diligentiffime
461 2434 598 2499 instituit.
642 2434 733 2502 Socer
745 2436 1017 2522 PompeiusJulia-

164 2604 166 2610 .
222 2557 292 2617 nus,
312 2562 384 2604 cum
403 2554 510 2606 caetera
523 2542 598 2619 vita,
622 2555 690 2606 tum
712 2544 762 2606 vel
781 2544 840 2608 hoc
854 2563 916 2606 uno
930 2562 1015 2625 mag*

223 2669 281 2713 nus
302 2648 334 2722 ἃ
358 2648 468 2723 clarus,
498 2650 578 2732 quod
601 2646 661 2731 ipse
689 2648 851 2732 provincie
880 2648 1016 2732 princeps

221 2754 314 2832 hunc,
335 2754 412 2818 inter
423 2752 575 2836 altiffimas
588 2755 786 2832 conditiones,
801 2773 945 2837 generum
953 2774 1016 2818 non

222 2861 386 2926 honoribus
418 2860 595 2944 principem,
630 2859 679 2924 scd
721 2859 875 2946 sapientia,
913 2861 1013 2944 elegit.

220 2963 409 3055 Quanquam
428 2966 501 3053 quid
518 2985 574 3050 ego
594 2967 682 3049 plura
699 2967 738 3030 de
763 2968 841 3044 viro,
864 2987 925 3051 quo
938 2966 1014 3030 mihi
