2317 3767
246 281 307 342 124
412 285 446 331 C·
477 285 593 331 ratu.
621 286 883 335 attstouna.

239 424 328 510 saque
347 425 411 489 filio
424 439 552 491 matrem
566 430 664 492 adhuc
681 445 777 514 agere.
821 429 1032 494 Scribonianus

239 552 324 594 arma
355 531 386 594 in
417 532 539 618 illyrico
563 546 666 597 contra
689 534 856 598 Claudium
876 548 1029 609 moverat:

238 634 336 701 fuerat
347 637 447 702 Paetus
461 639 494 703 in
508 640 652 723 partibus,
675 643 705 705 &
715 640 810 705 occiso
821 640 1028 717 Scriboniano,

240 742 373 807 Romam
394 746 576 809 trahebatur.
622 745 696 809 Erat
719 745 887 809 ascensurus
907 767 1029 824 navem,

238 848 329 915 Arria
356 852 467 914 milites
494 853 609 943 orabat,
644 864 677 915 ut
701 851 789 915 srmul
814 853 1026 935 imponeretur.

238 955 346 1041 Nempe
363 956 435 1020 enim
452 953 572 1041 (inquit)
594 957 696 1021 daturi
716 957 778 1043 estis
801 957 950 1042 Consulari
962 958 1029 1022 viro

228 1060 364 1146 servulos
377 1062 496 1147 aliquos,
511 1069 654 1148 quarum?
673 1086 757 1126 manu
767 1062 859 1126 cibum
880 1063 1030 1148 capiatya‘

235 1166 337 1251 quibus
349 1168 498 1254 vestiatur,
514 1175 534 1231 ci
547 1169 648 1254 quibus
660 1168 805 1232 calcietur.
851 1167 956 1231 Omnia
959 1168 1028 1252 sola

230 1274 380 1359 praestaba.
424 1274 500 1339 Non
514 1274 694 1360 impetravit.
737 1273 1027 1358 Conduxitpiscatoss

235 1381 313 1443 riam
333 1381 515 1457 naviculam,
541 1377 700 1463 ingensque
717 1380 875 1462 navigium
896 1379 1026 1444 minimo

233 1486 332 1550 secuta
342 1487 392 1549 est.
436 1485 550 1551 Eadem
565 1487 645 1569 apud
657 1484 834 1561 Claudium,
852 1484 1024 1548 uxoriSeri·

234 1593 367 1666 bomani,
396 1611 466 1654 cum
495 1590 546 1653 illa
574 1589 760 1673 profiteretur
784 1577 944 1668 indicium,¹
962 1592 1025 1676 Ego

234 1693 355 1781 (inquit)
368 1703 396 1759 'te
409 1695 535 1771 audiam,
557 1695 639 1780 cujas
653 1695 683 1760 in
701 1696 809 1780 gremia
823 1695 1025 1762 Scribonianus

233 1802 337 1889 accisas
350 1803 387 1888 3st
401 1829 412 1867 .-
434 1805 468 1868 Θ
477 1801 587 1867 vivis?
628 1801 677 1866 Ex
690 1824 751 1886 quo
765 1799 954 1866 manifestum
968 1802 1021 1880 est,

232 1910 260 1971 ei
281 1907 436 1971 consilium
458 1909 667 1992 pulcherrimae
687 1909 792 1971 mortis
810 1929 871 1972 non
891 1906 1023 1972 subitum
1050 1890 1053 1897 ¹

231 2012 327 2079 fuiffe'.
383 2014 560 2099 Qalnetiam
586 2036 656 2078 cum
684 2014 820 2079 Thrasea
849 2035 940 2098 gener
958 2013 1023 2098 ejus

231 2123 455 2205 deprecareun,'
467 2142 506 2184 ne
527 2122 605 2184 mori
628 2131 777 2205 pergeret:
794 2121 942 2204 vinterque
962 2122 1022 2185 alia

229 2226 357 2303 dixiffet,
379 2227 425 2292 Tu
438 2225 485 2292 vis
505 2250 551 2310 ego
558 2227 653 2314 filiam
667 2240 757 2302 tuam,
768 2255 771 2259 ·
772 2226 806 2311 st
814 2225 886 2290 mihi
895 2242 1019 2312 pereun-

229 2334 296 2397 dum
305 2333 416 2419 faerit,
426 2331 500 2395 mori
511 2332 643 2395 mecum?
675 2329 933 2416 Respondebat‚st
941 2345 1018 2395 tam·

228 2437 291 2513 dia,
313 2452 446 2524 tantaque
459 2437 607 2501 concordia
627 2436 737 2502 vixerit
749 2451 851 2513 tecam,
873 2460 956 2521 qaam
969 2445 1026 2522 ego‘

222 2566 284 2607 cam
299 2543 391 2620 Pata,
420 2546 492 2607 uolo.
536 2541 673 2606 Auxerat
686 2543 744 2607 hoc
764 2541 899 2625 responso
912 2563 1016 2607 curam

227 2648 361 2713 suorum.
388 2648 542 2713 Attentius
556 2647 782 2725 custodiebatur,
798 2647 892 2725 senfit,
907 2649 949 2725 δι,
967 2649 1016 2713 ni-

226 2755 272 2834 hil
289 2754 387 2840 agitis,
401 2756 520 2840 inquit,
537 2753 657 2839 Potestis
678 2754 749 2818 enim
769 2753 875 2839 efficere
892 2763 932 2817 'ut
941 2757 1018 2819 male

227 2860 355 2926 moriar:
383 2884 417 2923 ne
440 2859 560 2935 moriar,
581 2884 635 2923 non
658 2860 780 2947 potastis.
832 2860 921 2926 Dum
948 2863 1015 2925 haec

225 2966 308 3044 dicit,
329 2966 434 3031 exiluit
452 2966 604 3048 cathedra,
626 2965 806 3051 adversoque
822 2968 939 3051 parieti,
962 2989 1013 3061 caj
