2317 3767
368 302 668 368 ⁴zrrrrr.
887 303 927 370 5

132 442 300 527 persuasum
313 445 422 521 habm,
445 443 525 530 poss'e
538 444 614 523 fieri,
630 459 664 510 ut
684 444 718 508 fit
735 445 813 509 aiiio
834 445 926 522 bona,

131 569 201 632 quae
219 571 281 613 non
305 551 339 613 fit
363 552 445 613 bona
463 551 579 615 oratio:
605 572 667 615 non
692 549 771 634 posse
785 571 846 613 non
868 552 925 613 bo-

132 675 205 718 nam
219 656 371 720 aeiionem
395 654 463 733 effe,
490 677 559 741 quae
573 655 608 718 fit
629 658 711 719 bona
723 656 829 718 oratio.
874 653 926 718 Est

132 760 214 822 enim
228 762 326 824 oratio
339 761 463 838 aetionis
478 764 641 846 exemplar,
656 763 687 826 &
697 762 778 847 quafi
792 760 926 848 ἀρχέτυ-

131 889 196 934 πον.
225 866 302 930 Ideo
312 868 344 929 in
352 867 466 952 optima
474 888 591 952 quaque
601 868 801 952 millefigums
812 882 927 932 extem·

130 973 247 1055 potales
261 972 453 1050 invenimus3
474 973 506 1035 in
520 973 568 1036 his
583 974 686 1051 etiam,
708 995 783 1059 quae
804 987 922 1040 tantum

130 1077 227 1140 editas
245 1075 365 1154 scimus,
390 1091 424 1142 ut
448 1079 480 1141 in
497 1077 637 1156 Verrem,
657 1077 802 1166 Artificem
828 1103 922 1165 quent·

131 1184 230 1246 nam?
243 1190 331 1268 sebit
340 1186 475 1266 admones.
520 1184 690 1270 Polycletum
712 1185 762 1272 ff
782 1184 922 1248 dicebant.

131 1286 274 1371 Sequitur
295 1309 376 1371 ergo,
403 1303 437 1352 ut
449 1290 528 1353 attio
550 1288 586 1354 stt
609 1288 827 1367 absolutiffima,
856 1311 924 1374 quae

130 1392 266 1456 maxime
288 1394 430 1456 orationis
453 1393 677 1459 srmilitudinem
701 1393 924 1478 exprefferit,fi

130 1500 224 1562 modo
233 1498 347 1583 justum
360 1501 391 1564 δι
405 1500 540 1564 debitum
550 1514 668 1585 tempus
679 1499 823 1583 accipiat:
844 1501 924 1583 quod

129 1604 152 1666 fi
163 1619 297 1687 negetur,
308 1607 393 1669 nulla
406 1606 558 1683 orationis,
572 1607 706 1670 maxima
713 1604 824 1693 judicie
838 1605 925 1690 eulpa

130 1709 186 1778 est.
231 1709 346 1774 Adsunt
367 1712 439 1775 huic
471 1712 604 1796 opinioni
630 1732 706 1774 meae
729 1713 821 1795 leges,
855 1698 924 1794 quie

129 1814 299 1899 longiffitna
321 1829 454 1901 tempora
473 1818 652 1902 largiuntur,
677 1838 733 1881 nec
746 1818 923 1881 brevitatem

128 1923 310 2000 dicentibus,
334 1922 382 1987 sed
407 1925 535 2008 copiam,
564 1925 623 1987 hoc
648 1923 699 2000 est,
726 1925 921 2007 diligentiam,

127 2027 285 2117 suadentes
302 2050 394 2113 quam
419 2029 556 2113 praestare
581 2028 634 2092 nist
658 2030 691 2091 in
719 2028 922 2112 angustiffimis

127 2135 222 2199 causis
236 2156 298 2199 non
312 2134 404 2219 potest
418 2136 557 2199 brevitas.
603 2134 766 2220 Adjiciarn,
779 2137 859 2218 quod
873 2155 923 2199 me

128 2240 232 2303 docuit
245 2239 327 2315 usus,
353 2240 490 2324 magister
503 2241 648 2324 egregius,
672 2237 841 2325 frequenter
862 2242 921 2324 egi,

127 2344 300 2430 frequenter
316 2346 461 2431 judicavi,
483 2342 653 2431 frequenter
676 2346 708 2409 in
729 2344 849 2410 consrlio
862 2343 918 2414 fui.

129 2452 227 2516 Aliud
252 2453 326 2516 alios
345 2464 457 2529 movet,
490 2472 525 2514 ac
549 2454 725 2537 plerumque
750 2472 850 2536 parvae
874 2473 921 2516 res

130 2558 281 2636 maximas
302 2559 446 2620 trahunt:
470 2557 553 2620 varia
575 2556 643 2622 sunt
661 2558 820 2630 hominum
837 2559 921 2650 judi·

127 2662 189 2739 cia,
209 2665 299 2726 variae
313 2665 498 2727 voluntates:
514 2663 586 2726 inde
599 2664 651 2748 qui
664 2665 789 2734 eandem
803 2665 921 2730 causam

127 2768 217 2831 fimul
228 2767 395 2845 audierunt,
411 2767 487 2853 saepe
496 2767 657 2850 diversum,
666 2771 815 2835 interdum
826 2772 919 2846 idern,

125 2872 177 2936 sed
200 2894 238 2936 ex
257 2872 376 2950 diverfis
396 2874 489 2938 animi
505 2875 637 2939 motibus
653 2873 792 2940 sentiunt.
837 2872 919 2936 Prae·

123 2991 209 3043 terea
218 2978 279 3054 suae
292 2976 413 3062 quisque
422 2980 589 3051 inventioni
603 2977 696 3057 favet,
719 2980 750 3043 δι
763 2976 843 3064 quast
856 2975 918 3043 for·

61 3143 65 3148 ,
127 3083 271 3147 tiffimum
297 3084 516 3166 complectitur,
547 3105 618 3149 cum
639 3087 678 3148 ab
708 3085 769 3149 alio
804 3085 918 3151 dietum

521 3190 606 3256 De
