2317 3767
410 284 720 334 ererum.
903 283 947 352 99

23 415 28 425 ’
153 427 247 494 Nihil
261 429 343 492 enim
354 447 488 512 unquam
501 426 585 512 legit,
599 431 680 513 quod
694 449 757 495 non
766 440 945 513 excerperet.

156 536 269 599 Dicere
290 536 382 599 etiam
395 534 516 611 solebat,
542 534 668 600 Nurum
686 536 737 623 ff
757 534 862 600 librum
885 548 946 600 tam

155 644 272 717 malum,
289 656 389 705 utnon
399 641 496 726 aliqua
501 655 588 728 parte
593 640 738 728 prodeffet.
773 638 841 705 Post
854 638 947 705 solem

155 746 321 832 plerunque
345 744 455 831 frigida
475 747 643 822 lavabatur,
673 748 779 811 deinde
803 746 947 832 gustabat,

155 853 382 937 dormiebatque
394 851 570 916 minimum.
608 850 701 931 Mox,
721 852 800 939 quati
813 853 873 917 alio
886 854 947 930 die,

155 958 291 1021 studebat
306 959 340 1021 in
364 977 461 1024 coenae
487 970 627 1043 tempusr
658 958 744 1045 super
764 961 844 1023 hanc
871 961 948 1025 liber

155 1064 321 1148 legebatur,
336 1065 543 1142 adnotabatur,
554 1065 586 1129 δι’
599 1066 721 1151 quidem
731 1065 849 1130 curfim.
873 1063 948 1130 Me·

157 1170 237 1235 mini
265 1172 415 1255 quendam
439 1190 477 1233 ex
504 1170 620 1246 amicis,
652 1191 723 1235 cum
747 1171 840 1234 leuior
863 1191 947 1256 quae·

156 1279 232 1339 dam
245 1295 399 1361 perperam
417 1276 646 1360 pronunciaiiet,
671 1273 830 1351 revomffe,
852 1276 883 1339 &
901 1296 948 1338 re·

156 1382 220 1466 peti
244 1381 380 1464 coegisse,
407 1381 477 1445 huic
497 1380 683 1444 avunculum
705 1400 809 1443 meum
833 1379 948 1457 dixisse,

157 1486 345 1551 Intellexeras
363 1489 488 1574 nempe?
511 1507 583 1551 cum
610 1486 661 1550 ille
686 1483 844 1550 annuiffet.
889 1487 952 1553 Cur

156 1615 228 1676 ergo
252 1593 432 1658 revocabas?
451 1596 543 1658 decem
567 1591 688 1679 amplius
705 1589 806 1677 uersus
826 1590 882 1655 huc
899 1605 950 1655 tua

158 1697 377 1784 interpellatione
386 1699 572 1786 perdidimus.
611 1698 792 1764 Tantaene
810 1697 950 1783 parfimo·

159 1804 215 1867 nia
229 1806 379 1889 temporis.
423 1805 567 1889 Surgebat
591 1803 697 1868 aestate
711 1804 729 1868 a
741 1825 840 1881 crena,
860 1804 947 1871 luce:

157 1911 281 1996 hyeme,
300 1911 380 1974 intra
399 1911 528 1996 primam
551 1911 660 1987 noetis,
685 1911 716 1974 ἃ
737 1922 880 1994 tanquam
894 1912 951 1973 ali·

158 2038 220 2103 qua
234 2019 299 2101 lege
312 2029 446 2099 cogente.
490 2016 569 2082 Haec
592 2017 670 2080 inter
690 2015 805 2079 medios
822 2016 950 2094 labores,

160 2121 299 2207 urbisque
312 2120 486 2186 fremitum:
513 2121 621 2187 secessu
639 2120 735 2185 solum
750 2122 860 2186 balinei
873 2134 951 2186 tem-

160 2251 217 2313 pus
230 2229 333 2292 studiis
347 2229 542 2292 eximebatur.
588 2227 672 2294 Cum
692 2229 759 2292 dico
772 2226 896 2303 balinei,
916 2228 958 2291 de

58 2359 63 2374 ¹
162 2335 353 2398 interioribus
380 2336 497 2417 loquor.
548 2332 636 2398 Nam
661 2335 735 2398 dum
760 2331 952 2418 distringitur,

162 2441 355 2524 tergumque,
375 2441 515 2503 audiebat
527 2439 652 2525 aliquid,
673 2449 724 2503 aut
735 2438 878 2504 diuabat.
913 2437 954 2504 ln
998 2451 1002 2461 '

163 2546 280 2623 itinere,
303 2546 383 2631 quasi
407 2546 519 2610 solutus
543 2546 658 2609 caeteris
682 2545 773 2624 cutis,
804 2546 876 2609 huie
901 2545 954 2609 uni

164 2654 300 2728 vacabat,
326 2653 456 2716 adlatus
476 2652 609 2716 notarius
630 2672 701 2716 cum
714 2652 792 2716 libro
804 2652 836 2717 ἀ
857 2649 955 2735 pugil·

163 2758 288 2835 laribuS,
311 2758 397 2843 cujus
421 2780 530 2823 manus
553 2759 662 2844 hyeme
680 2758 807 2822 manicis
834 2754 954 2819 munie-

162 2865 286 2942 bantur,
319 2879 354 2929 ut
381 2887 420 2929 ne
444 2867 514 2930 coeli
540 2864 664 2951 quidem
691 2863 831 2950 asperitas
858 2860 956 2929 ullum

164 2970 393 3055 studiitempus
417 2972 561 3056 eriperet:
589 2992 649 3056 qua
677 2992 715 3035 ex
734 2967 823 3036 eausa
846 2966 956 3037 Romu

559 3076 636 3144 Ha
