2317 3767
370 284 562 334 erare
609 284 758 333 v111.·
872 281 933 350 353

141 431 274 497 maxime
286 428 485 515 praecipimus,
508 436 662 511 repugnet.
706 421 850 509 Quisquis
869 423 932 500 ille,

141 535 523 623 qualiscunque‚'fileatur=
544 552 636 616 quem
660 529 807 613 insignire,
829 549 933 593 exem·

141 638 286 725 plinihil,
311 661 372 704 non
387 638 536 722 insignire,
559 636 756 700 humanitatis
768 634 932 724 plurimum
970 636 976 647 '

105 728 107 731 ¹
142 744 243 811 refert.
261 819 270 828 μ
288 744 378 809 Vale.

156 974 279 1021 xxm.
312 970 775 1020 c.1>1.1u1usntnucm1u0
800 971 914 1017 SUOS.

146 1118 307 1230 Ouum
334 1161 410 1228 mihi
436 1163 542 1243 studia,
573 1162 679 1229 omnes
706 1184 803 1239 curas,
831 1164 934 1226 omnia

144 1283 338 1333 avocamenta
367 1272 491 1347 exemit,
523 1269 656 1346 excussit,
692 1269 799 1353 eripuit
827 1270 931 1332 dolor:

144 1394 236 1459 quem
260 1394 298 1438 ex
320 1388 417 1438 morte
430 1375 515 1458 Junii
530 1373 616 1439 Aviti
634 1373 837 1458 gravifi'unum
857 1373 931 1456 cepi.

146 1479 259 1544 Latum
273 1479 394 1543 clavum
414 1481 447 1543 in
461 1482 553 1544 domo
574 1500 644 1543 mea
654 1480 807 1542 induerat:
829 1475 935 1539 suffra-

145 1587 197 1668 gio
211 1606 280 1647 meo
294 1585 413 1669 adjutus
435 1587 467 1648 in
488 1586 622 1668 petendis
641 1585 804 1648 honoribus
818 1580 934 1646 fuerat:

145 1691 184 1752 ad
205 1690 264 1753 hoc
283 1691 325 1751 ita
338 1706 388 1752 me
407 1691 559 1772 diligebat,
586 1692 629 1753 ita
643 1692 811 1765 verebatur,
840 1701 873 1752 ut
887 1708 937 1752 me

146 1791 308 1858 formatore
322 1812 454 1868 morum,
481 1815 531 1857 me
544 1794 625 1878 quasi
643 1794 780 1877 magistro
795 1806 934 1856 uteretur.

147 1899 265 1964 Ratun
278 1899 336 1962 hoe
350 1896 584 1962 adolescentibus
598 1898 713 1963 nostris.
757 1899 844 1963 Nam
860 1920 936 1985 quo·

146 2003 312 2090 tusquisque
334 2005 383 2066 vel
397 2004 476 2066 aetati
491 2004 622 2080 alterius,
640 2005 689 2067 vel
703 2004 880 2081 auetoritati,
904 2018 938 2069 ut

147 2110 247 2173 minor
260 2109 356 2172 cedit?
380 2107 487 2170 Statim
500 2107 629 2191 sapiunt,
652 2109 749 2172 statim
763 2107 857 2172 sciunt
869 2130 936 2173 om·

145 2214 215 2278 niae
241 2210 394 2276 neminem
417 2228 565 2291 verentur,
589 2215 745 2278 imitantur
766 2215 930 2293 neminem,

148 2332 237 2402 atque
250 2317 302 2401 ipsr
323 2318 376 2381 srbi
389 2321 525 2402 exempla
538 2318 616 2382 sunt.
661 2318 719 2383 Sed
736 2341 797 2383 non
811 2319 935 2395 Avitus,

124 2422 130 2428 ’
147 2424 233 2507 cujus
246 2424 311 2485 haee
324 2425 472 2508 praecipua
485 2425 653 2507 prudentia,
674 2427 754 2509 quod
777 2426 851 2487 alios
864 2444 936 2506 pru·

148 2527 294 2593 dentiores
307 2530 531 2592 arbitrabatur:
558 2531 624 2593 haec
637 2530 785 2614 praecipua
797 2527 935 2604 eruditio,

148 2634 230 2717 quod
241 2632 348 2697 discere
362 2635 491 2697 volebat.
529 2633 653 2719 Semper
661 2636 713 2699 ille
723 2647 776 2698 aut
785 2634 823 2695 de
836 2632 937 2696 studiis

148 2737 273 2821 aliquid,
297 2750 349 2800 aut
363 2740 400 2801 de
413 2737 520 2802 officiis
533 2740 605 2803 vitae
617 2740 802 2804 consulebat:
825 2737 938 2823 semper

154 2842 196 2906 ita
210 2845 375 2920 recedebat,
398 2856 432 2906 ut
450 2845 557 2907 melior
569 2842 687 2909 faetus:
710 2848 741 2910 &
754 2854 817 2907 erat
826 2839 936 2921 saQus,

150 2949 200 3010 vel
213 2968 250 3012 eo
263 2950 344 3031 quod
363 2948 508 3027 audierat,
530 2951 580 3014 vel
601 2952 683 3035 quod
695 2950 821 3015 omniuo
833 2949 937 3034 quaesi·

547 3052 617 3117 Aa
