2317 3767
428 245 617 293 ιιηκ
663 243 720 293 υτ,
901 242 962 310 379

175 403 210 454 tu
231 387 431 473 reprehendis,
457 385 639 471 mirarisque,
663 390 751 469 atq'ue
778 386 820 448 ita
841 385 965 448 miratus

177 510 215 558 ut
235 515 296 557 non
318 492 453 577 putarem
480 492 548 555 satis
576 512 711 575 unquam
735 490 848 554 laudari
875 488 966 573 poti'e,

176 599 262 684 cujus
284 619 364 661 nune
384 599 460 662 mihi
482 597 634 660 subeunda
648 592 777 659 defenfio
790 595 841 658 est.
885 593 969 658 Om-

177 697 231 766 nes
241 724 307 787 ego,
327 705 381 788 qui
391 725 534 786 magnum
548 704 668 786 aliquod
682 703 969 784 memorandumque

177 804 321 884 fecerunt,
339 829 401 871 non
424 794 515 870 modo
530 808 630 883 venia,
652 829 758 870 verum
776 808 867 869 etiam
881 807 969 869 laude

176 915 358 998 dignissimos
381 913 496 997 judico,
529 912 548 974 fi
579 913 847 988 immortalitatem,
877 933 968 995 quam

177 1017 324 1094 meruitre,
340 1017 505 1080 seCiantui:
530 1018 695 1101 viCiurique
708 1018 839 1080 nominis
853 1014 967 1080 famam

177 1123 319 1205 supremis
333 1122 425 1184 etiam
439 1123 533 1185 titulis
544 1143 699 1204 prorogare
709 1115 856 1187 nituntur.
899 1102 968 1188 Nec

64 1295 66 1299 y
176 1225 263 1290 facile
283 1248 466 1312 quenquam,
482 1212 535 1290 nifi
547 1226 719 1308 Virginium
737 1227 869 1304 invenio,
883 1230 967 1314 cujus

177 1346 259 1396 tanta
280 1335 312 1395 in
331 1334 518 1416 praedicando
539 1332 727 1406 verecundia,
744 1344 855 1414 quanta
874 1334 969 1415 gloria

177 1461 215 1501 ex
234 1433 326 1501 faiio.
372 1438 436 1522 Ipse
454 1437 519 1500 sum
535 1437 612 1500 testis
627 1434 812 1499 familiariter
821 1439 859 1500 ab
872 1459 909 1501 eo
922 1440 967 1501 di·

178 1545 271 1606 ledms
286 1543 492 1627 probatusque,
515 1542 606 1605 semel
620 1543 746 1607 omnino
767 1563 816 1606 me
830 1543 967 1605 audiente

177 1648 362 1731 promotum,
381 1661 413 1710 ut
427 1650 464 1709 de
479 1651 566 1710 rebus
580 1647 638 1710 suis
652 1648 710 1710 hoc
725 1668 819 1710 unum
834 1644 965 1724 referret,

177 1754 218 1814 ita
247 1751 346 1814 secum
374 1754 533 1836 aliquando
558 1751 706 1816 Cluvium
728 1753 874 1828 locutum,
905 1753 968 1817 Scis

178 1855 294 1940 Virgini
319 1881 380 1940 quae
409 1855 531 1942 hssoriae
543 1857 617 1942 fides
631 1857 787 1920 debeatur}
807 1859 927 1943 proinde
933 1861 968 1946 st

177 1962 249 2047 quid
272 1963 302 2024 in
330 1961 454 2048 historiis
468 1961 535 2024 meis
559 1962 628 2044 legis
641 1962 728 2027 aliter
740 1987 774 2026 ac
787 1967 882 2041 velles,
903 1991 967 2051 rogo

176 2068 312 2154 ignoscas.
356 2068 407 2132 Ad
422 2070 479 2131 hoc
497 2067 535 2130 fic
550 2069 648 2143 illum,
662 2069 782 2131 Cluvine
794 2084 826 2133 tu
840 2069 965 2155 ignoras,

177 2174 237 2237 ideo
251 2199 293 2237 me
307 2175 418 2262 fectffe,
435 2174 584 2259 quodseci,
600 2187 633 2236 ut
656 2173 719 2260 ff!
745 2173 863 2239 liberum
887 2178 967 2242 vobis

167 2277 309 2361 scrihere,
333 2303 395 2364 quae
415 2278 564 2366 libuiffll?
615 2277 753 2362 Agedum
775 2283 859 2344 hunc¹
870 2282 965 2365 ipsum

180 2382 360 2448 Frontinum
374 2387 405 2447 in
428 2387 485 2449 hoc
499 2383 570 2468 ipse,
593 2387 624 2448 in
643 2407 703 2469 quo
723 2387 779 2448 tibi
792 2387 906 2470 parcior
919 2390 966 2451 vi-

178 2488 307 2553 detur&
327 2488 456 2572 preffior,
482 2512 700 2574 comparemus.
746 2490 851 2555 Vetuit
870 2495 968 2556 extrui

177 2593 417 2657 monimentum:
452 2595 501 2657 sed
529 2598 638 2679 quibus
666 2596 783 2658 verbis?
842 2595 968 2688 Impensa

177 2697 337 2781 monimenti
351 2698 535 2785 supervacua
552 2702 601 2784 cst,
624 2698 757 2762 memoria
779 2700 864 2784 nostri
876 2703 966 2765 dura«

176 2800 269 2888 51,st
279 2803 370 2867 vitam
389 2805 551 2868 meruimus.
596 2804 648 2866 An
670 2804 827 2868 restriuius
842 2807 965 2870 arbitru-

177 2909 218 2971 ris
239 2930 291 2992 per
309 2911 413 2972 orbem
434 2921 579 2972 terrarum
602 2911 774 2991 legendum,
794 2911 864 2974 dare
877 2914 966 2976 dura-
