2317 3767
213 292 272 379 198
388 308 565 358 wnumu.
590 309 848 361 arrsruunu.

272 577 352 625 vn.
383 575 417 623 C·
438 576 587 624 PLINIUS
607 574 788 626 cauv1s10
809 576 879 627 8ΰο
895 579 925 627 S·

211 719 314 835 Nnc
339 769 491 834 haeredem
514 768 638 846 institui,
663 790 720 834 nec
745 771 894 855 percipere
920 772 1000 856 posse

208 873 373 960 Rempubl.
396 873 529 943 constat:
557 872 734 939 Saturninus
754 889 868 955 autem,
882 878 935 962 qui
949 898 1004 943 noa

208 980 328 1065 reliquit
341 980 486 1059 haeredes,
508 981 704 1064 quadrantem
724 981 866 1066 Reipubl.
883 981 999 1058 nostrae,

209 1087 318 1153 deinde
338 1107 393 1170 pro
412 1087 576 1171 quadrante
603 1089 831 1172 praeceptionem
859 1086 1001 1170 quadrin-

208 1205 368 1278 gentorum
380 1192 512 1256 millium
526 1193 619 1263 dedit,
663 1192 746 1269 Hoc,
762 1192 848 1278 sijua
866 1191 999 1276 aspicias,

209 1300 347 1367 irritunz
382 1298 404 1362 fi
430 1295 564 1364 defundi
594 1299 792 1376 voluntatem,
834 1312 933 1365 ratum
968 1298 1001 1367 δι

209 1405 332 1472 firmum
360 1405 413 1472 est.
468 1403 553 1472 Mihi
586 1416 688 1471 autem
724 1401 861 1469 defundli
891 1388 1000 1471 voluu-

208 1525 254 1581 tas
280 1513 396 1597 (vereor
433 1531 525 1594 quam
566 1511 599 1572 in
634 1520 749 1593 partem
781 1508 998 1594 Juriiuunsulti,

209 1620 290 1706 quod
313 1615 379 1681 ium
401 1615 546 1693 diiiurus,
575 1613 731 1700 accipiant)
756 1617 905 1701 antiquior
928 1616 999 1701 jure

208 1725 260 1801 est,
275 1723 378 1807 utique
396 1721 428 1784 in
444 1723 575 1808 eoquod
597 1723 636 1787 ad
655 1740 850 1789 communem
872 1723 1000 1808 patriam

210 1827 305 1897 voluit
330 1827 496 1913 pervenire.
541 1826 594 1895 An
617 1827 666 1895 cui
683 1830 721 1891 de
740 1849 811 1896 meo
836 1827 999 1895 sestertium

207 1935 348 2003 undecies
368 1934 494 2012 contuli,
520 1934 591 2000 huic
619 1935 903 2020 quadringentorum
927 1935 999 1999 mil-

202 2043 284 2106 lium
297 2042 388 2125 paulo
403 2040 532 2125 amplius
556 2041 676 2107 tertiam
698 2052 814 2126 partem
826 2060 865 2107 ex
885 2041 999 2104 adven·

207 2147 274 2215 titio
284 2147 456 2229 denegem'i
500 2143 568 2209 Scio
581 2158 612 2208 te
625 2144 777 2231 qunqueai
797 2145 912 2231 judicio
929 2164 1001 2214 meu

206 2273 269 2318 nun
281 2252 452 2330 abhorrere,
463 2271 534 2316 cum
548 2252 673 2319 eandem
684 2250 795 2336 Remp.
809 2263 844 2315 ut
852 2251 927 2317 civis
940 2271 998 2334 ep-

204 2359 298 2423 timue
312 2357 425 2441 diligas.
471 2356 576 2423 Velim
589 2377 659 2441 ergo
676 2377 747 2423 eum
779 2355 916 2442 maxime
943 2357 997 2419 de·

204 2463 341 2532 curiones
367 2465 591 2540 contrahentur,
614 2464 686 2549 quid
710 2464 745 2527 sn
768 2463 847 2548 juris
870 2462 995 2540 indices,

204 2589 292 2657 parte
304 2582 407 2637 tamen
419 2571 451 2634 δε
465 2568 615 2634 modeste:
637 2569 743 2633 deinde
756 2567 928 2655 subjungas,
940 2587 997 2632 nou

205 2676 418 2762 quadringenta
428 2673 650 2752 milliaofferre,
661 2675 733 2740 sicut
742 2675 881 2760 precepit
895 2671 997 2739 Satur·

204 2783 304 2847 ninus.
361 2780 449 2848 Illius
477 2782 535 2846 hoe
561 2802 686 2860 munuc,
711 2764 793 2846 illiue
825 2779 999 2857 liberalitas,

202 2887 335 2953 nostrum
347 2898 466 2952 tantum
479 2884 655 2972 obsequium
668 2899 801 2952 vocetur.
845 2885 994 2970 Haeeego

202 2989 325 3061 seribere
337 2993 456 3078 publice
468 2989 634 3079 supersedi:
665 2990 816 3073 Primum,
829 2994 913 3077 quod
927 3012 992 3063 me÷
