2317 3767
397 266 613 310 ursus
658 266 709 311 rx.
889 242 954 330 385

199 528 287 576 XXV·
324 529 343 574 C
370 530 518 578 PLINIUS
543 531 768 578 MAMILIANO
795 529 862 575 SUO
887 530 916 573 S.

163 666 380 796 Quuunnrs
425 727 462 787 de
491 727 580 788 turba
613 724 799 788 castrensium
821 724 954 806 negotio·

162 850 243 906 rum,
269 830 300 894 &
320 843 464 914 tanquam
484 829 603 893 summo
613 832 675 894 otio
688 829 851 914 perfruare,
874 827 954 891 lusus

161 935 192 998 &
207 936 330 1018 ineptias
343 936 454 998 nostras
467 936 552 1020 legis,
572 955 668 1011 amas,
694 937 821 1018 flagitas,
846 955 954 1018 meque

162 1043 200 1102 ad
225 1040 331 1102 similia
358 1042 511 1103 condenda
532 1062 594 1103 non
619 1043 806 1104 mediocriter
835 1041 951 1103 incitas.

165 1144 283 1227 Incipio
297 1145 377 1220 enim
398 1166 436 1207 ex
449 1147 507 1208 hoc
530 1166 636 1229 genere
649 1147 818 1208 studiorum
833 1167 894 1209 non
908 1146 953 1209 so·

161 1252 227 1314 lum
242 1250 483 1329 oblcclationcm,
511 1252 723 1313 verumetiam
747 1251 873 1332 gloriam
901 1273 954 1334 pe·

164 1369 236 1434 tere,
248 1355 310 1441 post
319 1356 469 1441 judicium
483 1367 570 1418 tuum
585 1355 641 1418 viri
657 1355 828 1438 graviffnni,
854 1356 954 1417 erudi-

132 1504 134 1510 ·
163 1461 274 1538 tissimi,
299 1482 334 1523 ac
354 1460 438 1545 super
461 1460 514 1523 ista
533 1460 683 1523 veriffimi.
726 1459 821 1523 Nunc
836 1481 885 1522 me
907 1482 953 1522 re·

164 1587 233 1629 rum
253 1567 337 1629 acius
357 1569 485 1643 modice,
509 1565 558 1628 sed
586 1577 688 1628 tamen
711 1564 865 1648 distringit,
895 1569 957 1648 quo'

164 1671 251 1734 finito
271 1672 383 1754 aliquid
397 1674 559 1745 earundem
578 1693 785 1735 camoenarum
810 1672 842 1732 in
867 1669 954 1734 istum

163 1774 405 1859 benigniffimum
427 1777 524 1838 finum
553 1779 697 1839 mittam·
729 1775 785 1840 Tu
810 1777 955 1860 passercu-

165 1883 253 1945 lis&
277 1882 457 1944 columbulis
486 1880 589 1943 nostris
612 1883 688 1944 inter
715 1883 828 1965 aquilas
858 1881 962 1946 vestras

164 1989 249 2052 dabis
264 2007 389 2072 pennas,
410 1986 431 2049 s1
445 1999 546 2049 tamen
559 1989 590 2050 &
601 1986 653 2050 fibi
668 1990 698 2051 &
712 1988 766 2051 tibi
779 1989 952 2072 placebunt:

164 2095 186 2158 fi
213 2105 337 2159 tantum.
351 2092 415 2169 fibi,
437 2093 632 2157 continendos
648 2114 750 2170 cavea,
772 2095 881 2157 nidove
901 2115 956 2157 cu-

164 2202 254 2266 rabis.
300 2198 389 2262 Vale.

187 2500 189 2504 Α
230 2431 336 2481 xxv1.
362 2432 395 2479 C·
421 2431 566 2479 PLINIUS
591 2430 753 2480 LUPERCO
774 2429 840 2480 SUO
861 2434 889 2477 S.

166 2572 279 2688 Drxr
300 2627 338 2688 de
363 2627 493 2709 quodam
517 2639 632 2689 oratore
646 2624 736 2689 foculi
755 2624 856 2700 nostri,
876 2624 957 2687 reolo

166 2731 290 2816 quidem
315 2732 347 2795 δι
370 2729 453 2807 sano,
476 2729 524 2792 sed
538 2750 645 2813 parum
670 2731 774 2813 grandi
795 2729 826 2793 ἃ
840 2742 956 2806 ornato,

10 2898 15 2921 s
167 2849 202 2900 ut
226 2836 343 2920 opinor,
366 2848 444 2919 apte.
488 2833 578 2899 Nihil
588 2848 698 2921 peccat,
719 2834 773 2919 nist
796 2836 870 2918 quod
885 2833 959 2898 nihil

10 2938 12 3017 ,
92 3004 97 3011 ,
158 2940 267 3030 percon
313 2942 415 3008 Debet
428 2941 622 3004 enim'orator
636 2941 719 3024 erigi,
738 2940 845 3018 attolli,
864 2940 958 3004 inter-

10 3026 12 3097 l
522 3022 551 3090 C
574 3045 590 3086 c
