2317 3767
234 280 275 371 38
404 299 438 348 c.
463 303 579 350 cerri.
606 303 867 356 rerer-ocare.

235 445 336 529 iscipu
348 443 417 540 pls,
438 448 521 516 alib
539 448 626 532 polla
640 446 755 533 λιγέως.
799 449 840 515 δί’
855 462 958 516 tamen
972 454 1024 517 de-

233 562 283 614 tur
306 553 424 630 elediio,
449 554 533 617 illam
561 557 725 621 orationem
753 556 880 621 srmilcm
905 559 1026 624 nivibus

232 658 383 743 hybernis,
407 659 502 737 idest,
525 664 671 739 crebram,
694 662 838 727 affiduam
852 666 883 729 δε
897 666 1023 749 largam,

232 762 379 849 postremo
406 767 540 831 divinam
561 770 592 834 δε
617 769 767 834 coelestem
792 771 874 834 vole.
919 769 963 834 At
984 772 1026 834 est

232 872 343 956 gratior
356 874 458 937 multis
480 875 559 938 aelio
575 877 685 939 brevis.
731 875 783 941 Est
803 878 948 963 quidem3
974 877 1024 939 sed

232 978 389 1055 inertibus,
415 978 543 1065 qu'orum
568 982 689 1044 delicias
711 982 922 1069 desrdlamque,
945 983 1026 1069 quali

227 1085 387 1170 judicium,
412 1085 548 1172 respicere
562 1083 723 1152 ridiculum
737 1088 789 1151 est.
833 1086 920 1153 Nam
933 1089 955 1153 sr
968 1092 1025 1155 hos

111 1233 114 1242 ·
231 1192 265 1255 in
278 1192 398 1255 consrlio
418 1193 541 1270 habeas,
567 1215 631 1257 non
644 1192 740 1258 solum
755 1193 845 1257 satius
863 1194 904 1257 est
924 1197 1024 1260 brevi·

230 1313 276 1362 ter
297 1293 405 1378 dicere,
431 1299 481 1363 sed
506 1301 632 1364 omnino
656 1322 718 1364 non
740 1301 848 1365 dicere.
893 1300 971 1366 Haec
984 1300 1025 1365 est

231 1407 329 1470 adhuc
347 1406 490 1469 sententia
503 1429 582 1483 mea,
605 1427 698 1492 quam
712 1408 848 1484 mutabo,
874 1406 896 1470 sr
917 1407 1025 1471 diffen-

180 1593 183 1602 ,
231 1509 300 1575 seris
329 1526 386 1589 ως
421 1512 478 1576 Sed
507 1515 595 1596 plane
621 1533 675 1576 cur
701 1512 863 1590 diffentias,
897 1514 1024 1598 explices

231 1638 314 1701 rogo.
360 1615 511 1701 Qramvis
534 1617 617 1681 enim
638 1619 741 1681 cedere
766 1618 941 1683 auetoritate
965 1633 1025 1684 tuae

230 1726 367 1800 debeam,
400 1722 509 1787 redlius
533 1736 635 1787 tamen
660 1725 788 1788 arbitror
811 1725 844 1788 in
872 1738 955 1789 tanta
979 1747 1023 1803 re,

230 1830 345 1894 ratione
358 1849 450 1915 quam
473 1829 647 1894 audieritate
660 1830 799 1915 superari.
845 1829 985 1908 Proinde,
1005 1831 1026 1895 fi
1079 1911 1081 1914 ι

232 1957 294 2000 non
308 1956 404 1999 errare
418 1936 532 2014 videor,
553 1937 585 2000 id
605 1936 702 2022 ipsum
726 1957 817 2023 quam
839 1933 922 2001 volc'c
942 1938 1025 2001 brevi

230 2041 360 2127 epistola,
386 2040 435 2104 sed
458 2055 560 2106 tamen
584 2042 694 2108 scribe:
728 2045 918 2109 confirmabis
942 2043 1024 2109 enim

224 2146 373 2235 judicium
381 2169 485 2212 meum
497 2171 507 2225 ;
521 2147 625 2212 sivero
633 2171 741 2228 errare,
757 2150 954 2234 longiss‘rmam
969 2172 1023 2236 pa-

230 2275 274 2319 ra.
311 2252 388 2318 Non
402 2254 519 2339 corrupi
538 2267 580 2333 te,
596 2257 647 2341 qui
658 2252 726 2333 tibi,
737 2256 758 2320 sr
769 2258 845 2320 mihi
856 2261 1020 2334 accederes,

228 2359 328 2452 brevis
343 2359 471 2444 epistolae
481 2355 703 2440 neceffitatem3
725 2361 746 2425 sr
759 2362 936 2440 dissentires,
957 2364 1024 2426 lon·

230 2463 364 2550 giffimae,
386 2466 524 2551 imposui.
556 2464 648 2530 Vale.

293 2681 374 2742 xxr'.
404 2696 438 2743 c.
462 2665 612 2764 sciurus
640 2698 811 2745 sarrano
837 2697 905 2746 suo
930 2701 959 2746 s·

230 2840 320 2955 Ur
333 2889 427 2955 animi
441 2891 485 2955 tui
496 2892 624 2977 judicio,
638 2891 677 2955 fic
690 2894 846 2956 oculorum
859 2893 1026 2978 plurimum

228 2995 345 3064 tribuo:
369 3018 432 3063 non
446 2997 517 3085 quia
537 3001 681 3090 multum,
704 3019 743 3061 ne
756 2998 811 3063 tibi
825 3000 953 3082 placeas,
976 2995 1024 3060 led
