2317 3767
131 263 132 270 ¹
224 278 285 366 15⁶
385 301 856 349 c.uu1u.sn1snotuu.
938 267 960 325 Γ

222 459 335 504 munus
349 462 452 505 meum
472 445 650 528 quandoque
671 444 787 507 ambitu
809 464 1017 529 corrumpetca

222 559 292 609 ture
322 559 355 608 ut
377 548 510 610 accidere
528 549 633 611 multis
647 549 679 612 in
693 549 767 613 locis
778 550 878 625 video,
899 550 930 612 in
946 550 1015 633 qui·

221 652 279 713 bus
306 669 500 736 praeceptores
521 654 639 738 publice
661 655 878 717 conducuntur.
930 655 1016 719 Huic

223 754 297 819 vitio
312 777 373 819 uno
393 759 526 821 remedio
543 760 658 821 occurri
677 758 781 842 potest,
800 760 822 821 si
843 762 1015 842 parentibus

221 859 290 925 solis
314 862 361 945 jus
379 865 564 926 conducendi
584 865 777 947 relinquatur,
793 862 954 948 iisdemque
967 887 1015 928 re-

222 967 294 1049 ligio
307 968 386 1029 recte
403 969 559 1052 judicandi
578 968 743 1031 necessitate
767 971 934 1033 collationis
958 974 1013 1034 ad-

222 1074 321 1136 datur.
364 1073 451 1137 Nam
469 1076 521 1159 qui
536 1072 656 1138 fortasse
677 1077 714 1138 de
740 1060 837 1138 alieno
862 1077 1015 1159 negligen-

222 1191 279 1255 tes,
306 1192 383 1243 certe
409 1182 446 1243 de
470 1178 523 1243 suo
544 1182 699 1264 diligentes
712 1194 817 1243 erunt:
843 1182 1015 1265 dabuntque

223 1305 359 1367 operam,
384 1306 422 1348 ne
436 1306 504 1348 eam
518 1285 537 1349 ὲ
552 1306 604 1348 me
617 1286 775 1370 pecuniam
794 1306 855 1348 non
878 1285 930 1348 nisi
946 1287 1014 1370 dig·

223 1411 281 1457 nus
296 1390 431 1473 accipiat,
445 1389 467 1454 si
481 1393 698 1475 accepturus&
712 1393 750 1454 ab
764 1390 829 1474 ipsis
844 1392 911 1454 erit.
939 1390 1015 1455 Pro·

224 1496 293 1560 inde
316 1494 487 1571 consentite,
512 1493 688 1579 conspirate,
724 1496 927 1580 majoremque
947 1496 1014 1558 ani-

224 1622 312 1665 mum
333 1622 371 1663 ex
390 1620 460 1662 meo
473 1599 590 1677 sumite,
609 1602 663 1683 qui
676 1602 764 1685 cupio
778 1601 835 1663 esse
853 1603 1015 1685 quamplu-

195 1716 198 1746 ³
225 1707 348 1782 nimum,
377 1707 459 1788 quod
485 1706 612 1768 debeam
640 1703 785 1770 conferre.
839 1706 930 1771 Nihil
956 1709 1013 1771 ho-

193 1823 196 1829 ’
223 1810 332 1873 nestius
362 1810 497 1894 praestare
518 1812 620 1874 liberis
645 1812 757 1887 vestris,
789 1812 865 1875 nihil
903 1815 1014 1897 gratius

224 1915 326 2000 p'ntrioe
339 1915 467 2001 potestis.
512 1916 702 1980 Edoceantur
722 1917 786 1993 htc,
809 1918 861 2001 qui
875 1917 927 1980 htc
945 1917 1013 1981 nas-

223 2033 343 2098 cuntur,
381 2021 538 2107 statimque
567 2024 606 2086 ab
631 2019 757 2085 infantia
784 2025 881 2089 natale
916 2022 1013 2088 solum

224 2146 336 2204 amare,
359 2124 544 2211 frequentare
558 2126 745 2191 consuescant
760 2154 768 2191 ε
793 2140 882 2211 atque
896 2128 1014 2193 utinam

223 2244 286 2295 tam
300 2233 395 2295 claros
408 2245 600 2317 ptaeceptorcs
614 2233 771 2309 inducatis,
787 2245 821 2297 ut
839 2232 857 2297 ὲ
876 2234 1014 2299 finitimis

223 2338 337 2420 oppidis
351 2336 445 2399 studia
466 2337 536 2401 hinc
549 2350 699 2422 petantur,
720 2351 811 2423 utque
823 2360 903 2402 nunc
926 2340 1013 2404 liberi

222 2441 309 2504 ‘vestri
322 2442 420 2504 aliena
434 2444 466 2506 in
480 2443 556 2521 loca,
566 2445 609 2507 ita
622 2465 695 2508 mox
716 2445 805 2532 alieni
818 2445 851 2507 in
871 2446 953 2508 hunc
965 2447 1013 2509 lo-

222 2559 294 2610 cuni
317 2546 488 2611 confluant!
520 2579 521 2582 ¹
542 2549 620 2615 Haec
645 2552 747 2634 putavi
768 2551 866 2628 altius,
883 2551 914 2615 ἃ
932 2550 1014 2635 quasi

222 2652 242 2719 zi
275 2649 358 2716 sonte
388 2657 563 2737 repetenda:
591 2676 652 2740 quo
677 2657 779 2741 magis>
793 2654 890 2732 scires,
920 2677 1013 2741 quum

222 2773 342 2843 gratum
357 2758 433 2822 mihi
451 2754 540 2839 foret,
556 2762 577 2825 si
597 2760 862 2847 susciperes,·quod
876 2762 1010 2847 injungo.

193 2877 195 2881 ‘
225 2864 363 2949 Injungo'
378 2877 490 2940 autem,
510 2868 541 2929 δι
563 2887 618 2951 pro
636 2868 679 2930 rei
704 2868 910 2950 magnitudine
924 2889 1011 2951 rogo,

223 2982 257 3033 ut
276 2991 315 3033 ex
328 2969 413 3055 copia
432 2968 607 3049 studiorum,
623 2992 691 3056 quae
708 2972 747 3035 ad
772 2984 802 3034 te
824 2991 862 3035 ex
880 2972 1011 3037 admira-
