2317 3767
313 253 316 259 “
394 275 584 320 arara
630 275 721 320 vrrr.
892 277 948 342 33¹

159 437 250 479 onem
265 437 383 502 quoque
397 418 428 480 in
444 432 559 481 metum
573 421 676 480 redeas
689 444 697 481 z
719 430 808 501 atque
822 416 863 479 ita
877 437 952 499 gau-

160 525 231 585 deas
250 523 380 606 pericrdo
394 525 561 600 liberatam,
586 536 619 586 ut
638 523 725 586 fimus
738 523 819 606 quod
833 523 951 605 pericli-

159 641 222 691 tata
240 629 285 704 srt,
311 629 520 712 perhorrescas,
562 631 635 713 Jam
660 629 774 703 hilario,
801 627 867 711 jam
885 626 949 703 srbi,

154 734 222 817 jam
244 734 319 797 mihi
339 735 464 810 reddita,
490 735 594 819 incipit
621 734 713 810 refici,
735 731 952 796 transmissum·

158 860 216 922 que
240 838 395 901 discrimen
423 839 654 902 convalescendo
682 840 823 902 remetiri.
881 837 952 901 Fuit

158 944 271 1026 alioqui
284 945 316 1005 in
344 943 463 1006 summo
490 945 656 1007 discrimine
685 947 819 1029 (impune
849 943 951 1006 dixisse

158 1044 258 1126 liceat)
273 1046 331 1109 fuit
347 1050 430 1110 nulla
443 1048 492 1111 sua
507 1051 605 1132 culpa,
621 1051 716 1111 aetatis
736 1052 855 1133 aliqua3
882 1049 951 1112 inde

159 1156 292 1229 abortus,
318 1155 348 1216 ἃ
370 1155 495 1235 ignorati
513 1156 589 1217 uteri
607 1154 685 1217 triste
699 1157 947 1238 experimentum.

160 1257 289 1321 Proinde
302 1259 334 1321 dt
347 1257 368 1319 fi
379 1279 442 1321 non
455 1260 580 1342 contigit
593 1260 647 1322 tibi
666 1259 840 1322 defiderium
852 1257 950 1323 fratris

133 1394 136 1401 r
159 1362 266 1440 amissi,
282 1377 334 1426 aut
351 1377 458 1446 nepote
483 1365 558 1448 ejus,
588 1376 640 1426 aut
662 1376 750 1447 nepte
770 1364 866 1439 solari,
885 1385 949 1425 me·

159 1483 262 1531 mento
282 1481 381 1531 tamen
403 1471 530 1532 dilatum
550 1471 646 1552 magis
666 1469 742 1531 istud
755 1462 848 1552 quam
862 1489 951 1550 nega-

158 1587 236 1649 tum,
259 1596 330 1636 cum
343 1575 423 1637 salva
437 1574 483 1651 sit,
498 1596 536 1638 ex
549 1597 610 1659 qua
632 1575 737 1659 sperari
756 1573 858 1658 potest.
903 1572 950 1635 si.

159 1681 224 1742 mul
238 1678 342 1741 excusa
362 1682 438 1762 patri
463 1695 515 1742 tuo
539 1680 651 1756 casum,
666 1680 715 1743 cui
729 1680 858 1763 paratior
872 1680 950 1762 apud

159 1779 301 1845 foeminas
324 1786 411 1846 venia
425 1784 476 1847 est.
522 1785 612 1847 Vale.

181 2015 265 2061 ΧΠ.
300 2015 332 2059 C.
362 2014 509 2058 PLINIUS
526 2013 747 2059 MINUTIANO
775 2012 842 2057 SUO
867 2015 896 2058 S.

160 2161 293 2270 Hunc
322 2206 417 2270 solum
439 2207 519 2268 diem
539 2204 656 2269 excuso.
700 2204 889 2268 Recitaturus
908 2205 949 2268 est

146 2309 294 2375 Titinius
309 2311 430 2397 Capito,
447 2333 537 2395 quem
552 2333 607 2393 ego
624 2311 725 2373 audire
744 2309 840 2372 nescio
853 2312 948 2392 magis

157 2418 282 2478 debeam
304 2439 342 2478 an
362 2419 492 2500 cupiam.
538 2416 595 2479 Vir
609 2416 649 2478 est
669 2415 812 2498 optimus,
828 2414 948 2476 &inter

157 2522 304 2605 praecipua
327 2520 424 2584 saeculi
444 2535 619 2584 ornamenta
632 2520 854 2583 numerandus:
878 2520 949 2581 colit

156 2625 262 2700 studia,
278 2625 417 2688 studiosos
431 2639 523 2702 amat,
550 2623 644 2701 fovet,
663 2625 810 2709 provehit,
834 2626 946 2686 multo·

156 2752 295 2814 rumque,
318 2731 370 2812 qui
383 2732 483 2814 aliqua
506 2743 701 2814 componunt,
719 2743 832 2812 portus,
855 2729 945 2806 smus,

155 2837 326 2920 praemium,
349 2837 487 2899 omnium
501 2837 695 2919 exemplum:
720 2833 849 2917 ipsarum
864 2836 947 2897 deni-

154 2964 213 3027 que
226 2942 380 3003 literarum
389 2941 455 3024 jam
470 2939 679 3004 senescentium
694 2939 831 3002 reductor
847 2961 881 3002 ac
900 2962 945 3002 re·
