2317 3767
399 291 675 338 eruunt.
896 283 934 359 17

140 432 165 497 ὃ
189 433 286 497 mare!
314 433 334 497 d
353 436 450 512 littus,
468 456 574 500 verum
593 434 795 519 secretumque
808 436 936 519 paellae,

10 529 12 532 ⁵
142 561 234 622 quam
255 542 355 604 multa
374 541 528 618 invenitis,
555 551 647 626 quam
673 541 771 603 multa
794 541 933 605 didlatisi

144 644 272 709 Proinde
291 659 325 709 tu
339 667 459 730 quoque
468 646 622 730 strepitum
640 644 740 721 istum,
756 645 937 731 inanemque

139 751 316 827 discursum,
338 752 369 815 ἀ
387 752 520 815 multum
537 752 654 835 ineptos
675 750 804 827 labores,
827 764 862 814 ut
874 752 935 836 pri-

141 877 231 919 mum
257 856 349 920 fuerit
369 856 481 920 occafio
499 856 647 941 relinque,
667 868 755 940 teque
769 854 871 919 studiis
885 858 935 919 vel

141 965 207 1046 otio
219 965 314 1025 trade.
358 961 458 1025 Satius
478 961 521 1025 est
539 963 632 1039 enim,
657 974 690 1024 ut
700 960 827 1024 Attiliue
840 961 936 1025 noster

141 1067 335 1131 eruditiffime
355 1067 443 1130 timul
467 1068 498 1132 δι
512 1064 683 1132 facetiffime
697 1066 784 1143 dixit,
807 1065 934 1130 otiosum

141 1171 214 1249 elie,
237 1191 331 1257 quam
345 1173 422 1236 nihil
437 1194 533 1257 agere.
580 1173 668 1236 Vale.

31 1421 39 1436 ·
155 1404 189 1449 Χ.
215 1402 249 1449 C·
274 1403 421 1449 PLINIUS
444 1405 562 1451 anuto
587 1402 779 1450 cuuuuu'rt
805 1407 872 1453 SUO
895 1406 924 1450 80

144 1550 201 1663 81
223 1595 344 1676 quando
362 1598 432 1660 urbs
444 1596 540 1661 nostra
559 1598 732 1661 liberalibus
751 1595 853 1660 studiis
880 1596 936 1661 flo-

145 1700 219 1777 ruit,
239 1722 317 1764 nunc
332 1703 464 1765 maxime
475 1702 571 1767 floret,
611 1702 716 1768 Multa
728 1703 867 1788 claraque
882 1725 936 1768 exa

143 1802 248 1890 empla
260 1806 337 1870 sunt.
370 1795 619 1872 Suffecerit'nobls
632 1829 739 1887 unum,
760 1809 928 1894 Euphrates

145 1910 349 1995 philosophus.
391 1911 488 1977 Hunc
500 1935 557 1997 ego
577 1916 611 1977 in
630 1913 725 1999 Syria,
751 1937 822 1978 cum
836 1919 937 1981 adole·

141 2016 294 2081 {centulus
308 2017 483 2096 militarem,
508 2019 640 2103 penitus,
658 2022 690 2085 δι
708 2020 791 2084 domi
813 2020 936 2105 inspexi,

143 2124 300 2207 amarique
321 2124 360 2185 ab
381 2145 417 2186 eo
438 2125 584 2201 laboravi,
607 2125 657 2188 etfi
678 2146 739 2190 non
761 2140 824 2190 erat
853 2130 936 2193 labo-

141 2231 286 2292 randum.
332 2228 384 2293 Est
398 2231 480 2293 enim
498 2231 619 2309 obvim,
641 2233 673 2297 ἃ
694 2232 851 2316 expolitus,
874 2235 936 2317 ple·

141 2334 260 2420 ‘nusque
273 2336 473 2411 humanitate,
488 2357 580 2420 quam
595 2338 738 2421 praecipit.
762 2337 866 2423 Atque
878 2340 937 2403 uti-

142 2461 218 2503 nam
231 2441 271 2503 fic
294 2439 364 2523 ipse,
380 2462 472 2525 quam
487 2440 568 2525 spem
583 2456 655 2506 tunc
677 2444 728 2506 ille
741 2446 779 2507 de
801 2465 850 2508 me
865 2466 937 2511 con.

143 2546 236 2627 cepit,
263 2546 463 2629 impleverim,
495 2561 529 2611 ut
551 2549 603 2611 ille
628 2550 760 2613 multum
778 2551 938 2615 virtutibus

143 2651 207 2714 suis
236 2649 367 2714 addidit!
403 2652 448 2720 At
470 2675 526 2738 ego
548 2675 629 2718 nunc
647 2655 715 2720 illae
737 2657 840 2734 miror,
867 2656 938 2740 quia

147 2759 244 2841 magis
268 2759 420 2842 intelligo:
447 2780 621 2846 quanquam
646 2782 685 2824 ne
698 2744 788 2828 'nunc
814 2761 937 2846 quidem

146 2864 215 2927 satis
234 2865 379 2948 intelligo.
425 2865 471 2929 Ut
489 2867 570 2929 enim
586 2868 623 2929 de
641 2867 764 2950 pidlore,
781 2864 936 2947 sculpture,

144 2970 261 3046 fluore,
274 2969 327 3033 nifi
341 2966 448 3034 artifex
457 2970 613 3054 judicare:
631 2973 673 3035 ita
687 2971 739 3034 nili
750 2969 863 3052 sapiens
875 2990 937 3036 non

511 3076 540 3144 C
