2317 3767
218 258 280 329 160
335 355 337 364 X
386 281 836 332 c.rr.ru.rr1srorar.

218 445 336 509 quoque
357 445 469 490 nomen
494 426 654 511 affumpfit.
699 427 750 492 Est
771 429 855 491 enim
877 448 953 492 avus
981 431 1013 495 δι

218 530 341 614 quidem
368 552 407 594 cx
429 531 546 596 Saturio
569 532 685 609 Firmo,
713 554 805 617 quem
834 534 951 617 diliges,
979 548 1013 597 ur

75 641 82 654 '
218 656 285 719 ego,
316 636 394 700 siut
418 658 485 721 ego,
514 637 636 722 propius
659 636 830 721 inspexeris.
874 638 953 703 Haec
976 661 1013 702 eo

218 742 377 834 pertinent,
400 758 434 805 ut
448 743 531 830 scias,
547 764 640 827 quam
653 743 812 828 copiosam,
838 765 930 828 quam
953 767 1011 808 nu·

218 846 366 911 merosam
379 849 506 911 domum
526 870 587 911 uno
601 848 744 912 beneficio
757 849 793 912 fis
807 850 1009 933 obligaturus:

156 1011 158 1014 ,
216 953 258 1014 ad
272 954 351 1036 quod
365 956 538 1037 petendum,
561 967 633 1017 voto
646 955 790 1037 primum,
813 955 919 1017 deinde
931 958 1012 1018 bono

221 1060 352 1141 quodam
384 1059 486 1122 omine
513 1060 701 1122 adducimur.
753 1057 906 1144 Optamus
930 1061 1012 1123 enim

208 1163 288 1240 tibi,
308 1165 535 1249 ominamurque
556 1166 588 1228 in
603 1166 775 1248 proximum
797 1186 910 1228 annum
925 1163 1013 1228 Con-'

221 1267 359 1334 sulatum.
406 1269 524 1333 Itanos
538 1271 661 1333 virtutes
677 1283 739 1334 tuae
751 1271 904 1354 &judicia
923 1269 1012 1334 Prin-

221 1373 296 1457 cipis
325 1376 463 1458 augurari
486 1377 603 1438 volunt.
648 1375 810 1440 Concurrit
835 1389 948 1453 autem,
978 1390 1013 1439 ut

222 1479 257 1542 stt
282 1482 388 1544 eodem
419 1502 499 1543 anno
521 1480 647 1564 quaestor
671 1483 822 1544 maximus
845 1502 883 1543 ex
911 1482 1017 1573 liberis

223 1584 296 1649 Rufi
310 1585 429 1649 Asinius
444 1584 559 1660 Barrus,
574 1586 696 1669 juvenis
717 1585 826 1669 (nescio
846 1607 885 1648 an
899 1588 1011 1662 dicam,

225 1693 306 1774 quod
319 1711 369 1753 me
387 1692 513 1774 pater&
527 1690 632 1754 sentire
647 1692 678 1755 ἃ
692 1692 789 1755 dicere
802 1692 894 1775 cupit,
912 1694 1013 1755 adole-

224 1794 327 1858 scentis
362 1797 538 1860 verecundia
566 1792 659 1875 vetat)
692 1794 754 1879 ipso
786 1807 867 1880 patre
894 1798 1011 1860 melior.

227 1899 360 1966 Difficile
374 1901 426 1980 est,
450 1916 483 1965 ut
497 1902 573 1967 mihi
595 1904 632 1965 de
646 1902 764 1966 absente
784 1904 898 1977 credas,
918 1923 1013 1985 quan-

225 2027 316 2090 quam
341 2009 458 2071 credere
479 2006 553 2071 soles
576 2009 690 2072 omnia.
739 2008 879 2073 Tantum
903 2010 935 2071 in
959 2010 1014 2072 illo

224 2111 385 2189 industn'ae,
396 2115 561 2198 probitatis,
576 2115 761 2190 eruditionis,
776 2114 900 2197 ingenii,
913 2113 1012 2192 studii,

226 2217 379 2286 memoriae
400 2218 527 2301 denique
548 2219 617 2297 effe,
644 2219 790 2303 quantum
810 2232 946 2303 expertus
965 2222 1013 2283 in-

196 2347 202 2364 *
225 2323 336 2388 venies.
381 2322 502 2388 Vellem
522 2339 586 2389 tam
600 2322 683 2388 ferax
695 2324 826 2388 seculum
840 2325 926 2389 bonis
940 2327 1013 2388 arti·

224 2429 282 2492 bus
294 2430 484 2506 haberemus,
510 2443 544 2492 ut
566 2431 681 2513 aliquos
700 2429 787 2493 Bauo
800 2426 937 2514 praeferre
958 2432 1015 2498 de-.

224 2535 320 2600 heres.
363 2532 454 2600 Tum
475 2556 530 2618 ego
553 2549 584 2598 te
605 2537 718 2619 primus
739 2536 883 2613 hortarer,
907 2557 1013 2601 mone-

225 2656 358 2724 remque,
373 2638 575 2703 circunferres
590 2642 704 2719 oculos,
733 2662 766 2704 ac
781 2642 833 2706 diu
846 2640 1012 2726 penfitares,

225 2767 316 2832 quem
341 2744 523 2830 potiffimurn
547 2747 679 2828 eligeres.
728 2746 823 2811 Nunc
852 2767 933 2822 vero,
964 2743 1013 2808 sed

226 2852 303 2915 nihil
327 2851 398 2917 volo
422 2854 460 2915 de
483 2852 581 2915 amico
603 2871 673 2913 meo
696 2852 879 2935 arrogantius
903 2851 1011 2926 dicere,

215 2956 284 3021 boc
296 2954 393 3021 solum
406 2956 484 3034 dico,
512 2955 650 3041 Dignum
669 2955 727 3022 effe
743 2958 900 3042 juvenem,
922 2974 1013 3041 quem
