2317 3767
382 306 571 353 mnu
618 305 693 351 vn.
877 299 939 369 299

148 451 287 524 domum,
306 461 393 533 atque
407 449 498 512 etiam
524 448 603 511 intra
626 447 756 512 cubiculi
777 447 872 509 limen
885 463 940 507 ex-

148 554 259 638 peetes.
303 552 516 617 Etenimcum
542 556 559 617 i
589 574 650 629 me,
674 565 708 617 ut
729 549 821 615 frater
833 550 940 633 diliga-

151 673 213 735 tur,
229 680 290 722 non
304 660 391 724 debet
405 663 443 723 ab
462 681 510 736 eo,
531 680 623 742 quem
645 679 700 742 ego
723 656 852 741 parentis
873 656 941 721 loco

150 763 285 841 observo,
300 766 417 849 exigere
431 764 577 841 officium,
590 766 670 848 quod
683 762 799 846 parenti
821 760 873 829 suo
892 782 939 824 re·

150 869 279 934 mififfet.
328 871 414 935 Vale.

209 1102 316 1146 xxtv.
342 1101 376 1145 c.
401 1101 548 1145 numus
571 1100 736 1145 (nmmo
760 1100 828 1146 suo
852 1100 880 1143 s.

156 1246 362 1358 Nomou
394 1293 586 1378 Quadratilla
612 1291 703 1376 paulo
727 1292 828 1354 minus
857 1291 941 1353 οᾶο-

149 1398 260 1483 gesnno
284 1399 381 1462 aetatis
395 1420 476 1460 anno
489 1398 617 1473 deceffit,
645 1397 736 1481 usque
759 1399 798 1459 ad
820 1395 941 1459 noviffi·

152 1526 235 1568 mam
257 1506 459 1568 valetudinem
484 1505 600 1578 viridis,
632 1516 720 1587 atque
747 1502 840 1565 etiam
864 1502 942 1565 ultra

151 1611 349 1673 matronalem
372 1612 498 1674 modum
521 1609 679 1693 compano
693 1629 816 1692 conpore
835 1608 867 1671 &
891 1627 941 1669 ro·

152 1713 248 1790 busto,
269 1714 385 1777 deceffit
406 1714 605 1778 honestiffimo
627 1714 812 1777 testamento.
857 1711 942 1776 Reli·

153 1819 219 1902 quit
232 1820 375 1894 haeredes,
391 1842 428 1882 ex
442 1820 520 1883 beffe
535 1834 684 1903 nepotem,
712 1841 750 1881 ex
763 1820 848 1882 tertia
861 1832 943 1904 parte

153 1939 284 2008 neptem.
337 1924 471 2009 Neptem
491 1947 598 2009 parum
622 1926 709 1988 novi:
736 1937 874 2009 nepotem
895 1922 941 1987 fa-

151 2029 344 2093 miliariffime
373 2032 477 2115 diligo,
512 2030 727 2093 adolescentem
752 2030 939 2115 fingularem,

152 2158 206 2200 nec
219 2137 255 2198 iis
270 2148 401 2212 tantum,
414 2159 489 2220 quos
503 2135 642 2219 sanguine
656 2137 773 2220 attingit
787 2137 863 2199 inter
873 2156 941 2220 pro-

153 2243 279 2326 pinquos
315 2244 494 2305 amandum:
536 2265 571 2305 ac
603 2243 735 2326 primum
767 2241 941 2327 conspicuus

153 2343 262 2424 forma,
277 2367 383 2410 omnes
396 2345 544 2410 sermones
559 2350 760 2431 malignorum
773 2349 891 2432 &puer
911 2348 942 2410 δι

149 2452 270 2537 juvenis
298 2451 401 2515 evafit:
436 2453 514 2515 intra
541 2468 681 2537 quartum
709 2455 740 2518 &
768 2452 941 2519 viceslmum

153 2577 267 2620 annum
296 2559 432 2634 maritus,
457 2560 488 2623 &
512 2559 533 2621 fi
558 2559 646 2623 Deus
666 2559 822 2635 annuiffet,
845 2569 939 2641 pater.

80 2726 84 2733 ,
155 2661 241 2727 Vixit
254 2665 285 2726 in
299 2665 495 2728 contubernio
510 2666 586 2727 aviae
599 2665 734 2741 delicate,
754 2661 940 2738 severiffime,
974 2737 977 2743 .

152 2769 183 2832 ez
204 2782 306 2834 tamen
330 2769 594 2853 obsequentiffime.
639 2769 782 2833 Habebat
800 2768 852 2833 ina
867 2789 941 2853 pan·

152 2877 307 2952 tomimos,
333 2873 512 2959 fovebatque
533 2873 664 2950 effnfim,
697 2894 789 2956 quam
817 2874 940 2958 principi

151 2978 289 3043 foeminae
309 2980 492 3044 conveniret.
535 2980 605 3043 Hos
627 2979 801 3063 Qadmtus
820 2998 881 3041 non
909 2979 941 3043 in
