2317 3767
189 241 251 330 296
334 263 369 309 c.
399 265 806 313 ruimurrsrorar.

189 406 244 469 ulli
257 405 416 490 patientius
437 409 704 491 reprehenduntur,
719 427 812 492 quam
825 408 878 493 qui
891 428 980 472 max-

188 511 249 574 ime
274 512 389 575 laudari
416 526 578 577 merernur.
645 513 741 578 Nune
769 516 838 577 ate
865 515 978 578 librum

190 637 293 679 meum
317 637 388 679 curn
415 619 656 683 annotationibus
683 619 743 683 tuis
766 619 902 703 expesio.
946 616 980 683 Ο

186 720 350 807 jucundas!
370 720 391 785 ὃ
405 723 543 806 pulchras
557 724 652 788 vices!
678 746 769 809 quarn
781 746 830 788 me
841 725 979 801 delectat,

190 827 270 910 quod
292 828 313 891 si
335 849 395 913 qua
416 828 536 912 posteris
561 851 633 894 cura
648 830 749 906 nostri,
773 828 980 915 usquequaque
1020 832 1025 838 ’

191 934 369 1010 narrabitur,
407 956 467 1020 qua
494 935 663 1011 concordia,
691 935 888 1019 simplicitate,
922 935 981 997 fide

192 1040 366 1104 vixerimus.
411 1040 477 1105 Erit
501 1062 602 1104 rarum
624 1043 655 1104 ἃ
681 1040 802 1123 insigne,
825 1042 900 1103 duos
924 1040 981 1102 ho·

192 1145 288 1209 mines
302 1158 388 1209 aetate
402 1148 620 1230 propemodum
642 1147 783 1230 aequaleS,
807 1145 981 1208 nonnullius

193 1251 225 1315 in
239 1251 331 1325 literis
341 1253 484 1328 nominis,
508 1251 625 1336 (Cogor
643 1254 725 1315 enim
749 1253 787 1313 de
810 1263 840 1313 te
865 1271 984 1334 quoque

193 1357 308 1440 parcius
323 1358 430 1434 dicere,
446 1358 567 1440 quiade
583 1378 633 1420 me
651 1357 738 1420 simul
753 1352 831 1435 dico)
857 1357 983 1418 alterum

194 1465 318 1527 alterius.
333 1463 428 1527 studia
452 1459 566 1526 fovisse.
611 1461 763 1546 Equidem
784 1459 983 1524 adolescente

195 1570 338 1648 lus‚cum
356 1568 423 1653 jam
445 1580 478 1629 tu
504 1564 599 1643 sama,
625 1567 777 1649 gloriaque
799 1566 930 1640 floreres,
955 1577 985 1625 te

195 1672 286 1758 sequi,
310 1673 366 1735 tibi
388 1673 489 1755 longo,
514 1669 563 1734 sed
586 1672 739 1755 proximus
762 1671 928 1746 intervallo,
954 1670 985 1733 ἃ

195 1778 264 1853 else,
279 1779 309 1842 δι
323 1778 426 1859 haberi
440 1775 693 1860 concupiscebam.
738 1776 780 1841 Et
793 1787 876 1839 erant
889 1776 986 1838 multa

172 1936 174 1941 ,
196 1881 352 1946 clarissima
370 1882 500 1966 ingenia,
528 1881 577 1947 sed
599 1894 633 1944 tu
658 1882 734 1945 mihi
761 1883 814 1966 (ita
827 1881 987 1944 similitudo
1066 1952 1068 1955 ,

198 1999 312 2053 naturae
337 1984 460 2067 ferebat)
489 1989 622 2055 maxime
658 1988 824 2065 imitabilis,
855 1989 988 2050 maxime
1091 1997 1093 2002 '

111 2094 113 2098 ’
198 2095 361 2169 imitandus
372 2094 531 2156 videbaris.
576 2092 651 2177 Quo
665 2094 759 2176 magis
769 2095 896 2176 gaudeo,
907 2095 988 2178 quod

199 2199 220 2262 si
245 2199 311 2283 quis
326 2200 363 2261 de
376 2197 478 2260 studiis
492 2196 600 2276 sermo,
616 2218 678 2261 una
690 2199 894 2274 nominamur,
908 2200 988 2282 quod

198 2306 287 2376 dete
312 2304 502 2387 loquentibus
517 2303 615 2381 statim
629 2324 771 2366 occurro:
795 2324 849 2366 nec
871 2303 986 2379 desunt,

199 2408 252 2492 qui
267 2410 319 2474 uni
338 2421 372 2471 ut
396 2409 514 2493 utrique
528 2408 662 2472 nostriim
684 2407 887 2493 praeserantur.
932 2410 990 2473 Sed

200 2517 277 2581 nihil
290 2516 407 2579 interest
419 2535 499 2592 mea,
526 2537 587 2601 quo
607 2518 673 2586 loco
694 2518 860 2601 jungimur.
904 2517 992 2587 Nam

199 2623 257 2685 hoc
268 2644 322 2705 ego
336 2623 462 2706 primus,
478 2622 548 2706 quia
558 2635 593 2683 tu
606 2623 770 2705 proximus,
787 2623 818 2685 &
831 2643 887 2704 ego
900 2643 989 2706 prox·
1050 2626 1052 2629 ’
1078 2689 1085 2698 ,

202 2728 293 2804 imus,
313 2728 383 2811 quia
404 2740 439 2790 tu
462 2727 595 2811 primus:
626 2728 700 2812 quin
727 2729 818 2791 etiam
843 2729 875 2791 in
903 2726 990 2809 testa·

200 2834 309 2904 mentis
324 2834 413 2896 debes
435 2831 598 2909 annotasse,
614 2832 667 2895 nifi
681 2833 747 2917 quis
768 2830 845 2897 forte
859 2833 992 2896 alterutri

199 2936 333 3001 nostrsrm
359 2935 562 3014 amicissimus,
588 2940 693 3001 eadem
707 2940 803 3022 legata
817 2941 848 3004 &
870 2940 993 3023 quidem
