2317 3767
390 265 680 313 ererum.
829 261 931 332 ,79

140 426 270 491 quatern
284 401 415 470 fenestris
432 404 565 492 'subjacet
588 405 767 472 vestibulum
789 406 883 483 villre,
903 405 935 471 dc

139 515 246 576 hortus
258 513 334 574 alius
345 512 526 595 pinguior&
540 511 674 576 ruilion.
718 511 930 598 Hinctrypto-

140 618 270 702 porticus
290 638 386 700 prope
405 617 517 700 publici
539 618 636 700 operis
650 616 739 682 insta
750 618 930 681 extenditur.

142 723 293 807 Utrinque
304 718 449 798 ferretum,
473 724 491 787 ἰ
505 724 581 785 mari
595 723 704 807 plures,
725 724 764 786 ab
777 721 933 787 hortofin·

140 829 232 911 gulae,
256 829 288 891 dc
312 828 402 890 altius
421 828 586 912 pauciores.
630 825 703 904 Hae,
726 848 797 891 cum
814 825 932 892 sermm

142 935 206 996 dies
227 935 258 998 dr
280 934 435 1010 immotus,
461 954 584 997 omnes:
611 953 681 997 cum
703 933 774 996 hinc
795 935 844 997 vel
863 932 933 997 inde

142 1049 251 1100 ventus
262 1028 423 1121 inquietus,
438 1060 497 1121 qua
510 1039 592 1101 venti
606 1037 768 1122 quiescunt,
780 1038 840 1102 fine
853 1039 933 1125 inju-

141 1145 200 1220 ria,
224 1155 339 1227 patent,
361 1157 430 1206 ante
448 1147 697 1228 cryptoporticum
712 1143 824 1231 Xystus
845 1145 933 1209 violis

141 1252 295 1313 odoratus.
350 1247 505 1332 Teporem
540 1248 610 1313 solis
647 1245 735 1312 infufi
768 1247 932 1333 repercussu

139 1355 375 1440 cryptoporticus
396 1367 495 1437 auget,
520 1375 590 1437 quae
611 1365 646 1416 ut
667 1365 748 1415 tenet
768 1351 872 1429 solem,
894 1351 933 1417 fic

141 1460 315 1544 aquilonem
331 1460 459 1537 irdribet,
477 1458 716 1542 summovetque,
731 1469 935 1541 quantumque

141 1565 256 1629 caloris:
269 1577 350 1640 ante,
370 1576 488 1627 tantum
506 1576 585 1628 retro
598 1560 727 1648 frigoris,
742 1561 875 1627 smiliter
886 1560 934 1626 A·

140 1667 257 1734 fricum
266 1669 343 1746 suit,
359 1684 447 1755 atque
456 1670 500 1733 ita
509 1668 710 1734 diverfillnnos
723 1679 829 1732 ventos
839 1667 934 1733 alium

141 1775 239 1838 alioi
260 1776 348 1838 latere
368 1772 479 1859 frangit
501 1776 532 1840 ἃ
553 1774 630 1838 linit.
674 1773 751 1839 Haec
761 1772 933 1861 jucunditas

141 1882 210 1965 ejus
232 1880 351 1964 hyeme,
374 1881 472 1965 major
493 1879 600 1944 aestate.
645 1878 732 1944 Nam
752 1890 820 1941 ante
841 1880 932 1943 meri·

139 1987 224 2051 diem
239 1985 369 2071 xystum,
383 1984 446 2069 post
464 1984 618 2048 meridiem
633 1982 812 2066 mistionis,
838 1983 932 2048 horti·
948 1977 951 1986 ’

139 2112 202 2177 que
228 2090 396 2175 proximam
421 2102 537 2174 partem
562 2091 670 2159 umbra
697 2087 749 2152 sua
777 2100 931 2174 temperat,

140 2219 212 2281 quae
229 2208 263 2259 ut
276 2195 340 2258 dies
358 2196 450 2259 crevit
468 2195 668 2279 decrevitque,
692 2194 785 2258 modo
802 2193 932 2270 brevior,

139 2303 235 2365 modo
257 2302 374 2384 longior
394 2300 450 2363 hac
472 2301 521 2364 vel
543 2301 611 2364 illac
635 2301 723 2363 cadit.
769 2297 837 2384 Ipsa
860 2320 933 2363 vero

140 2407 376 2490 cryptoporticus
387 2417 458 2470 tunc
472 2406 604 2469 maxime
612 2413 694 2468 'caret
706 2404 778 2502 sole,
801 2425 872 2468 curn
885 2425 933 2468 ar·

142 2508 331 2576 dentillunus
344 2511 472 2574 culmini
489 2511 555 2596 ejus
572 2509 683 2574 insistit.
726 2506 778 2572 Ar
800 2510 858 2573 hoc
879 2529 932 2593 pa·

141 2616 276 2679 tentibus
297 2612 430 2679 fenestris
453 2612 591 2679 favonios
612 2614 729 2698 accipit,
748 2612 934 2678 transmittit-

139 2740 222 2807 que:
244 2740 299 2783 nec
314 2741 447 2805 unquam
461 2722 529 2784 aire
542 2720 626 2804 pigro
639 2721 670 2785 ἃ
680 2732 820 2783 manente
835 2720 933 2801 ingrt-

141 2823 245 2889 vescit.
290 2825 331 2891 In
345 2826 440 2911 capite
454 2825 527 2911 xylli
541 2826 680 2910 deinceps
690 2823 932 2910 cryptoporticus,

141 2932 224 2995 horti
238 2930 329 2994 diaeta
346 2929 397 3006 est,
421 2951 537 2995 amores
556 2930 636 2995 meis
659 2951 691 2994 re
712 2950 783 2994 vers
803 2946 931 2993 amores.
