2317 3767
214 306 236 372 6
375 325 842 376 c.1³arn.ar1sroann.

214 469 298 532 nillae
311 467 458 533 Timonis
480 469 579 547 uxori,
602 485 706 555 rogatu
726 472 854 537 Aruleni
869 471 1005 536 Rustici:

216 573 351 657 Regulus
384 591 498 640 contra.
554 575 741 640 Nitebamur
771 599 826 641 nos
858 578 890 640 in
925 592 1008 661 parte

215 680 310 743 causae
324 681 468 745 sententia
483 680 584 744 Vettii
605 682 738 746 Modesti
761 683 868 766 optimi
882 684 958 746 viri:
981 684 1009 746 is

216 798 288 848 tune
316 787 348 849 in
376 787 467 849 exilio
493 798 555 850 erat
591 787 609 850 ai
639 787 820 852 Domitiano
847 789 1005 871 relegatus.

216 890 295 955 Ecce
317 891 359 954 ibi
384 891 532 975 Regulus.
577 891 701 979 Qaero,
728 894 837 977 inquit,
863 893 1010 957 Secunde.-

215 997 287 1081 quid
313 999 347 1058 de
371 996 499 1082 Modesto
518 995 643 1083 sentias.
701 997 794 1061 Vides
823 1000 904 1082 quod
929 999 1007 1081 peri-

215 1104 331 1180 culum,
358 1101 608 1186 sirespondiss'em
628 1106 721 1166 bene:
740 1105 821 1186 quod
846 1102 1009 1185 flagitium,

215 1208 236 1272 fi
260 1212 350 1272 male.
395 1208 472 1274 Non
493 1208 610 1292 polium
630 1211 726 1272 dicere
749 1209 830 1271 aliud
844 1220 916 1271 tunc
931 1210 1008 1273 mihi

214 1335 307 1398 quam
336 1317 406 1379 deos
442 1312 576 1379 adfuiffe.
630 1315 838 1399 Respondebo,
869 1316 1007 1400 inquam,

214 1420 286 1503 quid
308 1420 445 1499 sentiam,
467 1421 489 1483 fi
508 1425 545 1484 de
569 1422 629 1483 hoc
649 1421 828 1484 centumviri
844 1421 1007 1504 judicaturi

213 1524 291 1590 funt.
336 1526 450 1592 Rursus
471 1528 535 1602 ille,
567 1524 694 1610 Quaero,
717 1527 789 1610 quid
810 1530 847 1590 de
868 1525 1009 1590 Modesto

213 1630 334 1696 sentias.
378 1632 494 1695 lterum
517 1652 584 1715 egn,
610 1630 752 1695 Solebant
771 1631 855 1696 testes
876 1632 908 1694 in
927 1652 1008 1708 reue,

214 1758 276 1801 non
289 1739 321 1800 in
335 1738 494 1799 damnatos
507 1737 691 1820 interrogari.
726 1736 837 1801 Tertio
850 1738 916 1813 ille,
929 1735 1009 1801 Non

209 1840 277 1927 jam
290 1843 363 1927 quid
381 1845 419 1905 de
434 1841 586 1919 Modesto,
610 1840 659 1904 sed
671 1842 743 1925 quid
758 1843 794 1903 de
806 1842 914 1925 pietate
929 1840 1008 1904 Mo-

212 1946 285 2010 desti
296 1946 413 2025 sentias,
424 1969 535 2034 quaero.
565 1946 700 2032 Qraeris‚
712 1948 850 2030 inquam,
860 1947 931 2030 quid
939 1944 1005 2009 sen-

212 2052 309 2115 tiam?
336 2066 367 2115 at
381 2074 436 2137 ego
454 2074 493 2115 ne
518 2054 699 2135 interrogare
722 2052 844 2134 quidem
863 2047 910 2114 fas
931 2064 1006 2135 puto

213 2160 251 2220 de
265 2180 326 2242 quo
339 2159 565 2244 pronuntiatum
580 2157 631 2220 est.
661 2156 838 2222 Conticuit:
862 2177 911 2219 me
925 2158 1004 2234 iaus,

212 2264 244 2328 &
265 2265 424 2347 gratulatio
446 2262 609 2339 secutaest‚
633 2264 713 2345 quod
735 2282 792 2324 nec
809 2258 923 2324 famam
939 2284 1005 2326 me·

213 2390 264 2431 am
301 2370 401 2453 aliquo
431 2367 566 2453 responso
601 2368 668 2431 utili
691 2365 821 2445 fortaffe‚
851 2368 1006 2433 inhonesto

213 2487 316 2537 tamen
336 2474 481 2551 laeseram,
504 2494 561 2536 nec
574 2494 625 2536 me
640 2473 753 2557 laqueis
775 2484 839 2535 tam
861 2471 1005 2536 insidiosae

158 2647 162 2653 ,
211 2582 448 2665 interrogationis
470 2581 668 2643 involveram.
712 2578 808 2643 Nunc
830 2599 900 2661 ergo
929 2598 1004 2641 con·

210 2685 331 2750 scientia
350 2688 505 2750 exterritus
519 2686 712 2771 apprehendit
726 2683 887 2750 Caecilium
910 2682 1002 2749 Cele-

210 2812 288 2870 rem,
313 2814 386 2856 mox
407 2792 537 2857 Fabium
559 2791 680 2877 Justum
701 2803 796 2875 rogat,
821 2803 855 2853 ut
877 2811 927 2854 me
948 2790 1002 2855 fibi

210 2899 420 2963 reconcilient:
449 2918 503 2961 nec
522 2910 680 2961 contentus
698 2897 834 2982 pervenit
847 2899 885 2960 ad
897 2896 1000 2981 Spuri·

211 3024 295 3069 nam·
322 3001 406 3070 Huic
417 3003 585 3090 suppliciter
601 3005 646 3088 (ut
657 3002 708 3081 est,
722 3023 793 3067 curn
800 3003 887 3068 timet
900 3002 1001 3087 abjec·
1087 3096 1090 3101 -
1146 3079 1147 3082 ¹
