2317 3767
238 263 310 345 *480
436 282 878 333 c.rrru.rr1srocrr.

237 426 319 488 ribus
332 423 499 510 ejiciantur,
520 426 598 488 inter
607 446 681 508 quas
695 426 772 489 nihii
793 427 831 488 de
848 426 915 489 cive
927 426 1031 489 alieno

234 543 366 597 cavetur.
399 529 475 594 Inde
486 551 536 593 me
549 530 673 614 quidam
686 550 725 592 ex
739 529 906 594 censoribus
919 529 1030 594 consu·

235 636 573 719 lendumputave'runt,
603 655 642 698 an
662 634 765 718 ejicere
789 636 930 697 deberent
955 654 1030 698 eum

235 740 371 824 quiesset
392 741 514 804 alterius
528 740 667 802 civitatis.
712 738 790 823 Ego,
802 739 872 822 quia
885 740 935 801 lex
953 738 1029 802 ficut

236 844 359 908 adscribi
383 846 481 908 civem
505 845 636 907 alienum
650 846 782 936 vetabot,
800 845 841 923 ita
855 844 921 929 ejici
937 842 956 907 ὲ
980 842 1028 905 se-

235 964 308 1013 natu
332 952 373 1013 ob
393 951 471 1013 hanc
496 948 613 1012 causam
637 970 699 1012 non
714 949 861 1033 jubebat:
886 961 1030 1031 ptaeterea

234 1058 305 1141 quia
325 1052 474 1141 aliquibus
488 1052 693 1117 affirmabatur
703 1054 791 1129 mihi,
807 1054 837 1115 in
852 1053 937 1115 omni
950 1053 1028 1116 civi-

204 1225 208 1233 ,
234 1172 295 1224 tate
312 1161 457 1246 plurimos
471 1158 528 1221 effe
551 1161 690 1223 buleutas
712 1180 750 1220 ex
764 1158 830 1220 aliis
843 1158 1028 1234 civitatibus,

234 1264 429 1348 futurumque
449 1278 482 1327 ut
501 1264 589 1327 multi
604 1265 754 1340 homines,
772 1265 934 1346 multaeque
948 1263 1027 1327 civi-

234 1383 310 1433 tates
323 1381 548 1432 concuterentur
561 1390 598 1430 ea
615 1380 698 1451 parte
718 1368 803 1450 legis,
817 1388 886 1451 quae
896 1368 1027 1451 jampri-

233 1478 304 1539 dem
318 1472 459 1538 consensu
468 1476 600 1558 quodam
619 1471 805 1535 exolevisset:
833 1470 1028 1535 neceffarium

233 1580 398 1644 existimavi
427 1577 577 1642 consulere
604 1591 644 1653 te,
668 1578 740 1660 quid
768 1575 946 1647 servandum
967 1598 1027 1660 pu·

232 1701 320 1750 tates.
366 1682 476 1768 Capita
488 1683 561 1767 legis
574 1684 622 1745 his
632 1682 725 1745 literis
739 1680 860 1766 subjeci.

362 1915 461 1961 cxvl.
508 1911 697 1965 'rnnJANUs
725 1911 850 1956 PLINIO
874 1912 903 1958 S·
963 1906 966 1910 Δ

235 2080 367 2192 Mum
376 2146 421 2191 το
437 2125 540 2189 haefisti
554 2125 687 2190 Secunde
707 2124 862 2200 coitione,
877 2124 950 2208 quid
965 2123 1025 2188 rite

233 2230 399 2315 responderi
426 2242 574 2314 oporteret
598 2229 765 2293 censoribus
789 2229 1024 2306 consulentibus,

234 2357 273 2398 an
287 2337 417 2419 legerent
431 2334 609 2398 infrenatum
621 2335 748 2397 aliarum
762 2334 931 2409 civitatum,
946 2334 1025 2420 ejus-

233 2444 302 2503 dem
314 2455 415 2503 tamen
425 2440 585 2523 provinciae
597 2440 688 2502 cives.
733 2437 819 2502 Nam
830 2440 860 2502 &
868 2426 941 2521 legis
952 2460 1025 2502 auc-

234 2548 349 2623 toritas,
380 2547 409 2609 &
438 2546 528 2627 longa
551 2542 732 2607 consuetudo
757 2541 893 2627 usurpata
921 2557 1025 2606 contra

234 2653 347 2734 legem5
365 2652 397 2713 in
422 2647 571 2712 diversum
594 2670 715 2711 movere
734 2660 764 2710 te
788 2648 895 2732 potuit.
939 2648 1025 2712 Mihi

234 2757 292 2820 hoc
306 2766 575 2838 temperamentum
589 2753 653 2836 ejus
676 2754 797 2836 placuit,
813 2762 847 2816 ut
865 2774 903 2816 ex
918 2766 1025 2837 praete·

235 2862 293 2926 rito
317 2859 401 2922 nihil.
412 2864 613 2921 novaremus':
634 2857 683 2920 sed
705 2870 870 2934 manerent,
885 2860 1025 2941 quamvis

234 2968 338 3028 contra
359 2963 471 3048 legem
483 2962 585 3026 adsciti
606 2983 850 3047 quarumcunque
867 2964 1024 3028 civitatum
