2317 3767
190 249 256 329 184
339 270 372 317 c.
403 270 517 317 reru.
544 270 807 318 uersrounn.

192 432 254 487 arn,
278 431 340 475 non
362 398 511 497 corrumpi
530 414 563 477 in
576 414 721 488 deterius,
742 433 811 497 quae
825 410 989 496 aliquando

192 518 285 581 etiarn
306 520 324 581 ἒ
346 520 444 596 malis,
467 518 516 582 sed
538 517 660 608 honesta
678 520 907 602 manere‚'quae
928 519 984 582 sae-

191 626 258 710 pius
283 626 409 688 ibonis
426 625 514 687 fiunt.
560 624 646 689 Inter
670 646 745 709 quos
765 626 814 688 vel
835 626 986 708 praecipue

192 732 394 795 numerandus
407 730 499 794 est'P.
518 730 681 815 Vergilius,
705 729 802 796 Corn.
820 730 940 814 Nepos,
954 731 986 794 δι

192 838 273 923 prius
307 837 437 913 Ennius,
469 836 643 922 Attiusque.
696 836 774 901 Non
801 838 925 921 quidem
952 836 986 899 hi

195 943 364 1022 Senatores,
387 941 437 1034 secl
457 940 597 1007 sanctitas
611 963 733 1007 morum
749 965 811 1007 non
829 942 916 1005 distat
938 962 988 1005 or.-

193 1049 325 1112 dinibus.
370 1048 477 1114 Recito
491 1063 605 1126 tamen,
629 1053 710 1134 quod
725 1071 764 1113 an
786 1051 830 1113 illi
848 1046 985 1125 fecerint,

193 1155 292 1220 nescio
305 1158 408 1233 etiam,
434 1155 483 1219 sed
498 1157 543 1219 illi
564 1156 680 1241 judicio
698 1154 751 1219 suo
771 1168 906 1240 poterant
928 1153 986 1217 effe

193 1262 343 1326 contenti:
371 1262 448 1331 mihi
467 1262 625 1326 modestior
638 1261 800 1328 constantia
817 1262 868 1339 est,
893 1280 985 1345 quam
1097 1339 1100 1344 Ι

185 1379 228 1435 ὐτ
240 1367 310 1430 satis
324 1367 490 1431 absolutum
505 1383 620 1452 putem,
644 1371 724 1453 quod
739 1372 757 1433 i
770 1390 819 1432 me
831 1370 983 1452 probetur.

196 1474 304 1559 Itaque
322 1476 377 1538 has
391 1475 533 1537 recitandi
552 1473 653 1537 causas
673 1473 788 1558 sequor.
832 1473 983 1549 Primum,

194 1582 275 1663 quod
295 1579 355 1664 ipse
368 1582 420 1665 qui
441 1580 553 1655 recitat,
578 1580 732 1664 aliquanto
755 1580 850 1643 acrius
872 1577 986 1663 scriptis

191 1684 250 1751 suis
278 1687 448 1749 auditorum
484 1686 649 1749 reverentia
676 1686 824 1748 intendit:
863 1684 983 1761 deinde,

96 1809 98 1813 ’
192 1792 284 1875 quod,
305 1792 341 1854 de
355 1791 464 1875 quibus
478 1793 606 1869 dubitat,
623 1792 711 1876 'quali
732 1813 771 1856 ex
791 1790 903 1855 confilii
918 1790 984 1855 sen-

194 1897 287 1980 tentia
307 1897 416 1968 statuit.
462 1898 567 1964 Multa
595 1900 686 1962 etiam
710 1898 729 1962 ὲ
751 1897 855 1962 multis
879 1899 985 1961 admo-

195 2017 293 2081 netur,
313 2005 344 2068 &
357 2005 378 2068 fi
392 2027 455 2069 non
469 2007 676 2083 admoneatur,
693 2005 766 2090 quid
783 2002 906 2089 quisque
917 2002 988 2067 sen·-

195 2111 261 2185 tiat,
285 2109 421 2195 perspicit
444 2133 482 2174 ex
495 2114 595 2189 vultu,
610 2113 717 2189 oculis,
732 2124 821 2188 nutu,
837 2131 986 2175 manuum

194 2228 291 2290 motu,
314 2236 481 2292 murmure,
497 2217 622 2294 silentio,
644 2240 713 2303 quae
726 2216 795 2282 satis
808 2219 915 2303 apertis
928 2238 986 2282 no·

194 2322 233 2390 tis
239 2322 390 2405 judicium
404 2325 443 2387 ab
457 2324 642 2398 humanitate
662 2323 841 2387 discernunt.
885 2321 988 2409 Atque

194 2428 279 2504 adeo,
296 2426 317 2491 sr
331 2425 466 2493 cuiforte
480 2426 888 2513 eorum,·quiinterfuen1nt,
907 2451 987 2495 curae

193 2530 283 2597 fuerit
297 2536 403 2598 eadem
417 2536 469 2598 illa
490 2537 598 2621 legere,
625 2536 770 2619 intelliget
784 2556 834 2599 rne
846 2537 986 2620 quaedam

194 2653 246 2707 aut
266 2640 473 2722 commutaffe,
492 2644 547 2716 'aut
567 2640 745 2726 praeteriffe,
759 2638 877 2706 fortasse
894 2644 986 2707 etiarn

194 2750 233 2813 et
246 2741 300 2813 suo
308 2747 434 2834 judicio,
457 2749 595 2833 quamvis
609 2746 668 2830 ipse
686 2748 761 2811 nihil
775 2748 882 2812 dixerit
896 2749 983 2812 mihi.

195 2853 296 2939 Atque
309 2854 375 2918 haee
388 2855 430 2917 ita
451 2851 578 2938 disputo,
601 2853 681 2937 quasr
694 2854 841 2937 populum
854 2855 887 2918 in
900 2855 986 2918 audi-

193 2959 316 3039 torium,
342 2979 404 3044 nou
424 2958 456 3034 in
474 2958 647 3022 cubiculum
669 2960 780 3024 amicos
800 2961 985 3044 advocarim,
