2317 3767
389 271 726 322 weruerent·
924 268 967 337 93

177 542 250 586 111.
282 541 315 587 C·
334 540 483 587 PLINIUS
505 539 698 588 cortanna!
715 536 906 586 marum
932 536 962 582 8.

177 683 287 799 Con
312 747 427 817 patrem
449 748 547 813 tuum,
569 731 772 816 gravissimum
794 734 825 797 ἃ
845 717 965 795 anoth

174 838 282 928 fimum
297 840 409 915 virum,
431 837 609 923 suspexerim
623 839 718 923 magia
739 860 779 901 an
800 838 966 904 amaverim

173 945 328 1007 dubitem:
360 957 447 1028 teque
467 946 499 1009 δι
524 944 555 1006 in
584 946 762 1008 memoriam
786 944 852 1029 ejus
879 945 910 1008 ἃ
931 943 964 1006 in

173 1053 322 1116 honorem
334 1065 422 1113 tuum
437 1051 523 1113 unice
542 1051 684 1134 diIIgam:
710 1051 831 1135 cupiam
852 1048 965 1132 necefl'e

173 1156 228 1231 est,
252 1157 352 1240 (atque
367 1159 469 1233 etiam,
493 1172 639 1242 quantum
664 1158 695 1221 in
709 1179 760 1222 me
772 1156 874 1235 suerit,
898 1157 964 1220 cni·

170 1260 231 1341 tar)
255 1277 289 1328 ut
310 1262 389 1325 filius
403 1277 473 1326 tuus
486 1284 543 1326 avo
556 1262 660 1344 fimdis
683 1262 802 1326 existat:
826 1264 965 1347 equidem

172 1370 257 1432 malo
280 1382 427 1445 mammo,
458 1391 631 1453 quanquam
654 1368 698 1431 illi
712 1380 851 1453 paternus
872 1368 965 1432 etiam

171 1476 270 1537 clarus
300 1473 499 1559 spectatusque
523 1475 690 1559 contigerit.
735 1474 824 1538 Pater
847 1494 965 1558 quoque

172 1581 205 1642 ἃ
218 1595 338 1662 ponnus
352 1581 455 1644 illustri
477 1583 566 1645 laude
586 1581 747 1667 conspicui,
771 1582 884 1667 quibus
896 1601 964 1644 orn·

174 1686 266 1747 nibus
288 1687 328 1749 ita
341 1689 464 1751 demum
483 1687 585 1751 similis
608 1687 764 1765 adolescet,
784 1687 805 1750 fi
830 1687 964 1752 imbutus

172 1789 303 1854 honestis
316 1794 428 1858 artibus
450 1790 552 1869 fuerit,
574 1814 649 1879 quas
669 1794 834 1877 plurimum
860 1789 962 1871 refert,
1049 1821 1054 1832 ·

170 1899 266 1981 aquo
279 1897 459 1980 potiffimum
477 1900 611 1982 accipiat.
655 1897 766 1962 Adhuc
779 1900 867 1962 illum
888 1921 962 1984 pue-

170 2004 249 2066 ritiae
278 2005 354 2067 ratio
379 2004 457 2067 intra
484 2004 714 2070 contubernium
741 2016 828 2067 tuum
853 2005 961 2083 tenuit,

168 2121 363 2193 praeceptores
382 2111 466 2173 domi
486 2111 603 2186 habuit,
630 2111 682 2173 ubi
697 2110 737 2174 est
751 2111 800 2174 vel
813 2112 962 2176 erroribus

172 2216 303 2292 modica,
326 2215 374 2278 vel
397 2216 487 2279 etiam
500 2216 584 2286 nulla
598 2217 731 2282 materia.
775 2215 848 2299 Jam
868 2214 963 2284 studia

171 2321 238 2403 ejus
251 2334 334 2383 extra
348 2321 441 2384 limen
461 2319 638 2406 proferenda
652 2321 731 2399 sunt,
747 2322 815 2407 jam
834 2322 962 2387 circum-

173 2423 336 2507 spiciendus
357 2427 458 2491 rhetor
484 2426 624 2505 Latinus,
646 2428 731 2512 cujus
752 2426 860 2496 seholae
879 2426 961 2492 seve-

172 2530 256 2607 ritas,
278 2534 372 2614 pudor
397 2533 545 2616 inprimis,
567 2532 682 2596 castitas
706 2534 827 2597 constet.
871 2532 964 2598 Adest

171 2638 255 2699 enim
279 2636 455 2707 adolescenti
487 2638 586 2702 nostro
606 2659 678 2702 cum
705 2642 818 2705 caeteria
847 2652 963 2704 naturae

171 2739 359 2827 fortunaeque
384 2745 515 2822 dotibus,
541 2745 652 2818 eximia
675 2748 805 2830 corporis
829 2744 962 2829 pulchri,

169 2849 257 2924 tudo,
281 2849 330 2912 cui
353 2850 385 2912 in
399 2850 456 2913 hoc
472 2851 588 2914 lubrico
609 2852 704 2914 aetatis
726 2871 789 2915 non
802 2863 963 2934 praeceptor

169 2956 274 3032 modo,
301 2954 350 3018 sed
375 2954 470 3020 custos
494 2957 585 3030 etiam
611 2956 765 3042 rectorque
784 2956 962 3042 quaerendus
