2317 3767
402 300 594 351 arura
641 305 716 351 νη.
900 304 957 373 3¹1

169 446 268 516 nostro
280 468 319 510 ex
328 447 505 511 liberalitate
521 445 713 532 Imperatoris
727 445 843 510 Nervae
858 466 962 509 emen-

169 556 216 622 dis
227 551 447 637 dividqndisque
460 552 538 636 agris
551 552 671 637 adjutor
679 550 854 635 affumptus.
890 549 963 614 Ete-

169 661 235 726 nim
255 681 314 744 qua
337 659 432 742 gloria
467 658 595 740 dignum
618 657 670 733 est,
692 654 811 719 summo
839 657 906 719 viro
931 657 963 718 in

169 778 252 829 tanta
287 764 415 849 eligendi
444 759 587 832 facultate
619 762 766 847 praecipue
801 759 959 846 placuiffe?

149 877 151 890 '
170 871 260 937 Idem
278 889 370 956 quarn
385 880 564 945 reverenter,
588 888 680 952 quam
701 867 828 930 fideliter
850 867 963 931 amicos

169 979 257 1053 colat,
278 977 444 1040 multorum
458 971 602 1056 supremis
615 972 750 1056 judiciis,
765 971 797 1034 in
813 972 860 1034 his
884 972 962 1036 Mu·

169 1080 244 1145 sonii
280 1080 369 1156 Bassi,
412 1077 574 1163 graviffimi
608 1078 695 1153 civis,
725 1078 844 1139 credere
867 1089 962 1160 potes,

26 1249 33 1260 ,
168 1187 255 1271 cujus
269 1186 445 1249 memoriam
464 1197 527 1246 tam
540 1196 624 1266 grata
637 1181 846 1267 praedicatione
859 1201 962 1262 proro-

168 1308 218 1376 gat
232 1293 263 1356 ἃ
277 1291 422 1367 extendit,
451 1301 486 1351 ut
510 1289 623 1351 librum
647 1289 684 1349 de
710 1286 771 1350 vita
792 1285 856 1369 ejus
880 1290 963 1372 (nam

168 1396 262 1463 studia
283 1417 413 1481 quoque,
434 1394 507 1457 ficut
527 1394 601 1456 alias
615 1405 693 1455 artes
711 1393 817 1467 bonas,
841 1413 964 1457 venera·

169 1500 230 1583 tur)
244 1503 369 1566 ediderit
383 1500 555 1584 pulchrum.
603 1497 686 1562 Istud
711 1498 741 1561 ἃ
764 1496 884 1560 raritate
905 1496 965 1581 ipsa

168 1610 369 1692 probandum,
395 1625 466 1668 cum
489 1604 622 1689 plerique
642 1603 786 1666 hadenus
806 1600 964 1667 defuneto-

129 1779 133 1783 ,
171 1734 240 1776 rum
256 1712 460 1787 meminerint,
485 1723 520 1773 ut
535 1722 708 1794 querantur.
754 1708 847 1774 Hunc
862 1710 963 1772 homi·

169 1839 241 1885 nem
261 1816 531 1901 appetentissimum
554 1815 612 1891 tui,
642 1815 730 1899 (mihi
754 1811 853 1894 erede)
879 1836 965 1879 com·

168 1923 308 2008 plediere,
338 1922 536 2007 apprehende,
560 1921 657 1984 immo
681 1921 711 1984 dt
738 1920 845 1998 invita,
866 1942 900 1984 ac
925 1921 963 1985 fic

167 2050 250 2107 ama,
271 2026 414 2114 tanquam
438 2027 566 2110 gratiam
584 2023 706 2091 referas.
751 2025 861 2111 Neque
883 2030 964 2091 enim

168 2136 358 2220 obligandus,
384 2134 432 2196 sed
457 2134 693 2196 remunerandus
722 2130 763 2195 est
791 2132 823 2195 in
851 2135 962 2198 amoris

168 2240 268 2304 officio
281 2242 333 2326 qui
347 2241 428 2327 prior
441 2239 545 2321 coepit.
591 2236 679 2300 Vale.

193 2470 316 2525 xxxu,
338 2469 372 2514 C·
397 2468 546 2513 PLINIUS
561 2465 712 2513 natanto
730 2464 942 2514 Prosocero

505 2571 572 2618 SUO
596 2573 624 2617 8.

171 2714 399 2835 Detecnon
406 2763 577 2849 jucundum
593 2764 646 2828 tibi
661 2761 748 2827 fuiffe
755 2761 892 2846 Tyronis
906 2764 968 2827 mei

112 2923 117 2932 .
170 2873 348 2935 adventum.
394 2868 487 2953 Quod
503 2890 576 2934 vero
588 2868 690 2933 scribis
704 2870 805 2933 oblata
817 2867 965 2932 occasione

171 2973 360 3041 Proconsulis
381 2975 526 3059 plurimos
541 2973 749 3063 manumiffoe,
770 2974 857 3038 unice
869 2978 964 3039 laetor.

540 3078 572 3143 X
587 3096 611 3157 4
