2317 3767
404 271 715 319 nunaunt.
913 265 954 334 93

158 417 313 502 exquirere
332 414 488 501 optassem,
510 415 602 502 hujus
623 414 714 479 etiam
735 409 854 497 perella
869 410 955 497 judi-

160 524 243 586 cium
266 522 347 586 nolle
369 524 445 585 mire
463 521 648 606 concupisco.
693 518 780 585 Cum
800 518 956 603 publicum
1009 525 1014 533 “

162 649 237 713 opus
253 650 322 692 mea
343 630 469 713 pecunia
490 629 682 691 inchoaturus
696 627 728 690 in
741 624 883 690 Thuscoe
892 646 955 689 ex-

160 733 326 809 curriffem,
353 746 485 817 accepto,
504 745 537 796 ut
557 730 721 796 Praeseclus
736 732 845 808 aerarii,
869 754 953 797 oom-

162 855 275 917 meatu,
310 841 400 923 legati
425 839 587 923 provinciae
612 838 732 903 Baeticae
760 837 889 922 questuri
917 838 956 900 do

163 945 377 1012 Proconsulatu
403 945 521 1011 Caecilii
548 944 681 1022 Claffici,
706 948 883 1009 advocatum
906 963 956 1008 me

161 1052 308 1117 {Senatu
328 1053 487 1136 petierunt.
532 1050 668 1135 Collega
692 1052 809 1136 optimi,
836 1050 956 1135 meique

162 1158 354 1223 amantissimi
378 1160 416 1220 de
436 1159 607 1222 communis
630 1156 721 1221 officii
741 1156 956 1222 necessrtatibuc

161 1265 330 1349 praelocuti,
356 1262 493 1327 excusare
518 1284 567 1327 me
586 1265 617 1328 ἃ
640 1263 769 1326 eximere
791 1274 954 1327 tentarunt.

164 1371 296 1438 Factum
316 1369 357 1433 est
378 1368 669 1433 senatusconsultum
690 1388 835 1453 perquam
858 1369 955 1431 hono-

161 1476 294 1552 rificum,
324 1489 358 1538 ut
391 1477 481 1541 darer
499 1474 727 1561 provincialibus
753 1488 904 1560 patronus,
926 1473 959 1560 st

162 1580 203 1646 ab
219 1580 276 1665 ipso
289 1605 330 1644 me
344 1581 542 1669 impetraffint.
586 1581 693 1665 Legati
713 1579 814 1645 rursus
829 1580 955 1657 inducis,

164 1688 277 1750 iterum
294 1688 418 1772 mejam
436 1686 609 1771 praesentem
631 1690 810 1753 advocatum
828 1686 957 1773 posiula·

166 1806 287 1870 verunt,
311 1795 504 1878 implorantes
524 1793 616 1857 sidem
638 1815 737 1857 meam
758 1815 851 1878 quam
864 1792 957 1857 essent

163 1913 270 1963 eontra
284 1898 417 1964 Massam
430 1900 567 1964 Baebium
581 1899 706 1981 experti,
729 1900 888 1981 allegantes
901 1921 955 1984 pa·

165 2006 283 2071 trocinii
307 2003 420 2070 foedus.
466 2004 572 2070 Secuta
594 2003 635 2068 esl
657 2002 782 2067 Senatus
802 2004 958 2069 clarissima

164 2111 298 2188 aslenfio,
319 2134 388 2197 quae
411 2110 485 2175 solet
504 2114 622 2175 decreta
634 2130 821 2195 praecurrere.
866 2109 956 2175 Tum

166 2238 235 2305 ego,
254 2216 369 2302 Deſsno,
392 2218 528 2303 inquam,
551 2217 657 2282 Patres
672 2215 839 2303 conscripti,
852 2230 958 2303 putare

167 2347 211 2390 me
224 2325 318 2413 justas
340 2320 525 2410 excusationis
544 2320 644 2408 catejas
664 2322 796 2409 attuliffe.
842 2320 958 2389 Placuit

167 2431 200 2494 δι
213 2427 353 2493 modestia
366 2426 550 2494 sermonis&
562 2429 650 2492 ratio.
685 2426 844 2511 Compulit
856 2441 957 2492 autem

168 2556 220 2599 me
245 2536 366 2599 adhoc
393 2532 559 2610 consilium,
595 2553 657 2597 non
683 2533 779 2598 solum
803 2532 958 2604 consensus

169 2641 295 2705 Senatus
326 2643 511 2725 (quanquam
539 2640 591 2702 hic
626 2635 769 2718 maxime)
797 2661 903 2703 verum
927 2640 959 2703 δε

167 2748 219 2810 alii
231 2747 356 2831 quidam
370 2746 514 2822 minores,
540 2744 590 2810 sed
604 2757 705 2810 tamen
719 2745 848 2809 numeri.
894 2741 960 2805 Ve-

167 2853 270 2916 niebat
282 2853 316 2916 in
330 2865 463 2916 mentem
477 2851 589 2936 priores
612 2848 724 2918 nostroe
745 2851 837 2916 etiam
860 2847 959 2931 fingu-

165 2960 266 3024 lorum
277 2957 432 3043 hospitum
451 2957 574 3042 injurias
595 2951 829 3022 accusationibus
850 2954 958 3020 volun·
