<?xml version="1.0" encoding="UTF-8"?>
<!DOCTYPE html PUBLIC "-//W3C//DTD XHTML 1.0 Transitional//EN"
    "http://www.w3.org/TR/xhtml1/DTD/xhtml1-transitional.dtd">
<html xmlns="http://www.w3.org/1999/xhtml" xml:lang="en" lang="en">
 <head>
  <title>
</title>
<meta http-equiv="Content-Type" content="text/html;charset=utf-8" />
  <meta name='ocr-system' content='tesseract 3.04.00' />
  <meta name='ocr-capabilities' content='ocr_page ocr_carea ocr_par ocr_line ocrx_word'/>
</head>
<body>
  <div class='ocr_page' id='page_1' title='image "./cpliniicciliise01plingoog_0101.png"; bbox 0 0 2317 3767; ppageno 0'>
   <div class='ocr_carea' id='block_1_1' title="bbox 404 263 933 350">
    <p class='ocr_par' dir='ltr' id='par_1_1' title="bbox 404 263 933 350">
     <span class='ocr_line' id='line_1_1' title="bbox 404 263 933 350; baseline -0.002 -21"><span class='ocrx_word' id='word_1_1' title='bbox 404 284 694 334; x_wconf 67' lang='lat' dir='ltr'>irenen.</span> <span class='ocrx_word' id='word_1_2' title='bbox 891 263 933 350; x_wconf 85' lang='lat'>83</span> 
     </span>
    </p>
   </div>
   <div class='ocr_carea' id='block_1_2' title="bbox 51 425 968 1250">
    <p class='ocr_par' dir='ltr' id='par_1_2' title="bbox 51 425 968 1250">
     <span class='ocr_line' id='line_1_2' title="bbox 141 425 933 511; baseline 0 -22"><span class='ocrx_word' id='word_1_3' title='bbox 141 425 203 511; x_wconf 82' lang='lat' dir='ltr'>ipse</span> <span class='ocrx_word' id='word_1_4' title='bbox 216 446 319 489; x_wconf 84' lang='lat' dir='ltr'>omnes</span> <span class='ocrx_word' id='word_1_5' title='bbox 333 426 445 492; x_wconf 82' lang='lat' dir='ltr'>audiffe</span> <span class='ocrx_word' id='word_1_6' title='bbox 457 427 596 491; x_wconf 85' lang='lat' dir='ltr'>videaris.</span> <span class='ocrx_word' id='word_1_7' title='bbox 644 427 753 493; x_wconf 87' lang='lat' dir='ltr'>Debeo</span> <span class='ocrx_word' id='word_1_8' title='bbox 767 428 850 492; x_wconf 88' lang='lat' dir='ltr'>enim</span> <span class='ocrx_word' id='word_1_9' title='bbox 865 425 933 502; x_wconf 86' lang='lat' dir='ltr'>tibi,</span> 
     </span>
     <span class='ocr_line' id='line_1_3' title="bbox 51 529 934 610; baseline 0.002 -16"><span class='ocrx_word' id='word_1_10' title='bbox 51 540 55 546; x_wconf 85' lang='lat'>&#39;</span> <span class='ocrx_word' id='word_1_11' title='bbox 140 533 237 595; x_wconf 85' lang='lat' dir='ltr'>debeo</span> <span class='ocrx_word' id='word_1_12' title='bbox 264 533 422 595; x_wconf 77' lang='lat' dir='ltr'>memoriae</span> <span class='ocrx_word' id='word_1_13' title='bbox 445 529 545 597; x_wconf 86' lang='lat' dir='ltr'>fratris</span> <span class='ocrx_word' id='word_1_14' title='bbox 568 532 614 597; x_wconf 90' lang='lat' dir='ltr'>tui</span> <span class='ocrx_word' id='word_1_15' title='bbox 638 534 717 596; x_wconf 83' lang='lat' dir='ltr'>hanc</span> <span class='ocrx_word' id='word_1_16' title='bbox 739 533 844 610; x_wconf 87' lang='lat' dir='ltr'>fidem,</span> <span class='ocrx_word' id='word_1_17' title='bbox 876 533 934 596; x_wconf 90' lang='lat' dir='ltr'>hoc</span> 
     </span>
     <span class='ocr_line' id='line_1_4' title="bbox 142 636 933 723; baseline -0.003 -22"><span class='ocrx_word' id='word_1_18' title='bbox 142 637 283 715; x_wconf 89' lang='lat' dir='ltr'>studium,</span> <span class='ocrx_word' id='word_1_19' title='bbox 306 636 659 723; x_wconf 67' lang='lat' dir='ltr'>presertimsupertanta</span> <span class='ocrx_word' id='word_1_20' title='bbox 672 659 715 702; x_wconf 86' lang='lat' dir='ltr'>re.</span> <span class='ocrx_word' id='word_1_21' title='bbox 750 637 846 703; x_wconf 82' lang='lat' dir='ltr'>&#39;Nam</span> <span class='ocrx_word' id='word_1_22' title='bbox 860 638 933 721; x_wconf 90' lang='lat' dir='ltr'>quid</span> 
     </span>
     <span class='ocr_line' id='line_1_5' title="bbox 142 742 932 829; baseline 0 -23"><span class='ocrx_word' id='word_1_23' title='bbox 142 745 237 827; x_wconf 81' lang='lat' dir='ltr'>magis</span> <span class='ocrx_word' id='word_1_24' title='bbox 251 742 368 807; x_wconf 86' lang='lat' dir='ltr'>interest</span> <span class='ocrx_word' id='word_1_25' title='bbox 381 742 485 819; x_wconf 81' lang='lat' dir='ltr'>vestra,</span> <span class='ocrx_word' id='word_1_26' title='bbox 507 764 601 829; x_wconf 89' lang='lat' dir='ltr'>quam</span> <span class='ocrx_word' id='word_1_27' title='bbox 625 757 658 808; x_wconf 88' lang='lat' dir='ltr'>ut</span> <span class='ocrx_word' id='word_1_28' title='bbox 671 743 770 821; x_wconf 87' lang='lat' dir='ltr'>liberi,</span> <span class='ocrx_word' id='word_1_29' title='bbox 791 744 932 828; x_wconf 83' lang='lat' dir='ltr'>(dicerem</span> 
     </span>
     <span class='ocr_line' id='line_1_6' title="bbox 140 846 968 933; baseline 0 -21"><span class='ocrx_word' id='word_1_30' title='bbox 140 848 198 925; x_wconf 84' lang='lat' dir='ltr'>tui,</span> <span class='ocrx_word' id='word_1_31' title='bbox 229 847 283 911; x_wconf 79' lang='lat' dir='ltr'>nist</span> <span class='ocrx_word' id='word_1_32' title='bbox 303 849 478 917; x_wconf 71' lang='lat' dir='ltr'>nuncilloe</span> <span class='ocrx_word' id='word_1_33' title='bbox 499 850 595 933; x_wconf 81' lang='lat' dir='ltr'>magis</span> <span class='ocrx_word' id='word_1_34' title='bbox 620 846 749 927; x_wconf 73' lang='lat' dir='ltr'>amares)</span> <span class='ocrx_word' id='word_1_35' title='bbox 775 849 857 933; x_wconf 83' lang='lat' dir='ltr'>digni</span> <span class='ocrx_word' id='word_1_36' title='bbox 878 850 933 913; x_wconf 89' lang='lat' dir='ltr'>illo</span> <span class='ocrx_word' id='word_1_37' title='bbox 964 919 968 926; x_wconf 89' lang='lat'><em>.</em></span> 
     </span>
     <span class='ocr_line' id='line_1_7' title="bbox 140 954 934 1039; baseline 0 -21"><span class='ocrx_word' id='word_1_38' title='bbox 140 969 236 1039; x_wconf 79' lang='lat' dir='ltr'>petre,</span> <span class='ocrx_word' id='word_1_39' title='bbox 254 969 285 1018; x_wconf 89' lang='lat' dir='ltr'>te</span> <span class='ocrx_word' id='word_1_40' title='bbox 295 967 403 1039; x_wconf 72' lang='lat' dir='ltr'>patruo</span> <span class='ocrx_word' id='word_1_41' title='bbox 415 954 615 1037; x_wconf 81' lang='lat' dir='ltr'>reperiantur:</span> <span class='ocrx_word' id='word_1_42' title='bbox 632 975 724 1039; x_wconf 83' lang='lat' dir='ltr'>quam</span> <span class='ocrx_word' id='word_1_43' title='bbox 738 974 841 1018; x_wconf 82' lang='lat' dir='ltr'>curam</span> <span class='ocrx_word' id='word_1_44' title='bbox 856 954 934 1018; x_wconf 87' lang='lat' dir='ltr'>mihi</span> 
     </span>
     <span class='ocr_line' id='line_1_8' title="bbox 139 1058 932 1142; baseline -0.001 -18"><span class='ocrx_word' id='word_1_45' title='bbox 139 1059 255 1124; x_wconf 84' lang='lat' dir='ltr'>etiamti</span> <span class='ocrx_word' id='word_1_46' title='bbox 268 1078 330 1123; x_wconf 90' lang='lat' dir='ltr'>non</span> <span class='ocrx_word' id='word_1_47' title='bbox 344 1058 521 1136; x_wconf 79' lang='lat' dir='ltr'>mandaffee,</span> <span class='ocrx_word' id='word_1_48' title='bbox 547 1060 750 1125; x_wconf 76' lang='lat' dir='ltr'>vindicaffem.</span> <span class='ocrx_word' id='word_1_49' title='bbox 795 1058 865 1125; x_wconf 85' lang='lat' dir='ltr'>Nec</span> <span class='ocrx_word' id='word_1_50' title='bbox 886 1059 932 1142; x_wconf 80' lang='lat' dir='ltr'>ig·</span> 
     </span>
     <span class='ocr_line' id='line_1_9' title="bbox 140 1162 932 1250; baseline 0.001 -21"><span class='ocrx_word' id='word_1_51' title='bbox 140 1186 217 1229; x_wconf 91' lang='lat' dir='ltr'>noro</span> <span class='ocrx_word' id='word_1_52' title='bbox 238 1163 432 1248; x_wconf 85' lang='lat' dir='ltr'>suscipiendas</span> <span class='ocrx_word' id='word_1_53' title='bbox 452 1162 577 1229; x_wconf 81' lang='lat' dir='ltr'>offensas</span> <span class='ocrx_word' id='word_1_54' title='bbox 599 1167 631 1230; x_wconf 90' lang='lat' dir='ltr'>in</span> <span class='ocrx_word' id='word_1_55' title='bbox 645 1168 781 1250; x_wconf 84' lang='lat' dir='ltr'>eligendo</span> <span class='ocrx_word' id='word_1_56' title='bbox 803 1185 932 1250; x_wconf 81' lang='lat' dir='ltr'>praeoep·</span> 
     </span>
    </p>
   </div>
   <div class='ocr_carea' id='block_1_3' title="bbox 20 1267 933 1353">
    <p class='ocr_par' dir='ltr' id='par_1_3' title="bbox 20 1267 933 1353">
     <span class='ocr_line' id='line_1_10' title="bbox 20 1267 933 1353; baseline -0.008 -15"><span class='ocrx_word' id='word_1_57' title='bbox 20 1334 22 1338; x_wconf 87' lang='lat'>.</span> <span class='ocrx_word' id='word_1_58' title='bbox 140 1284 216 1334; x_wconf 86' lang='lat' dir='ltr'>tore.</span> <span class='ocrx_word' id='word_1_59' title='bbox 263 1267 324 1333; x_wconf 90' lang='lat' dir='ltr'>Sed</span> <span class='ocrx_word' id='word_1_60' title='bbox 335 1283 450 1353; x_wconf 88' lang='lat' dir='ltr'>oportet</span> <span class='ocrx_word' id='word_1_61' title='bbox 463 1290 512 1333; x_wconf 89' lang='lat' dir='ltr'>me</span> <span class='ocrx_word' id='word_1_62' title='bbox 533 1291 596 1335; x_wconf 91' lang='lat' dir='ltr'>non</span> <span class='ocrx_word' id='word_1_63' title='bbox 614 1273 707 1335; x_wconf 93' lang='lat' dir='ltr'>modo</span> <span class='ocrx_word' id='word_1_64' title='bbox 720 1267 858 1346; x_wconf 77' lang='lat' dir='ltr'>offensae,</span> <span class='ocrx_word' id='word_1_65' title='bbox 880 1291 933 1332; x_wconf 88' lang='lat' dir='ltr'>ve·</span> 
     </span>
    </p>
   </div>
   <div class='ocr_carea' id='block_1_4' title="bbox 138 1374 935 1567">
    <p class='ocr_par' dir='ltr' id='par_1_4' title="bbox 138 1374 935 1567">
     <span class='ocr_line' id='line_1_11' title="bbox 140 1374 935 1460; baseline -0.004 -20"><span class='ocrx_word' id='word_1_66' title='bbox 140 1398 209 1440; x_wconf 90' lang='lat' dir='ltr'>rum</span> <span class='ocrx_word' id='word_1_67' title='bbox 232 1376 394 1460; x_wconf 74' lang='lat' dir='ltr'>sunultates</span> <span class='ocrx_word' id='word_1_68' title='bbox 415 1396 469 1460; x_wconf 88' lang='lat' dir='ltr'>pro</span> <span class='ocrx_word' id='word_1_69' title='bbox 493 1374 593 1441; x_wconf 81' lang='lat' dir='ltr'>fratris</span> <span class='ocrx_word' id='word_1_70' title='bbox 615 1377 660 1440; x_wconf 89' lang='lat' dir='ltr'>tui</span> <span class='ocrx_word' id='word_1_71' title='bbox 681 1375 751 1439; x_wconf 82' lang='lat' dir='ltr'>tiliis</span> <span class='ocrx_word' id='word_1_72' title='bbox 764 1388 827 1438; x_wconf 82' lang='lat' dir='ltr'>tam</span> <span class='ocrx_word' id='word_1_73' title='bbox 847 1395 935 1457; x_wconf 80' lang='lat' dir='ltr'>aequo</span> 
     </span>
     <span class='ocr_line' id='line_1_12' title="bbox 138 1477 910 1567; baseline -0.009 -20"><span class='ocrx_word' id='word_1_74' title='bbox 138 1483 245 1547; x_wconf 85' lang='lat' dir='ltr'>animo</span> <span class='ocrx_word' id='word_1_75' title='bbox 257 1481 367 1558; x_wconf 86' lang='lat' dir='ltr'>subire,</span> <span class='ocrx_word' id='word_1_76' title='bbox 386 1502 479 1566; x_wconf 85' lang='lat' dir='ltr'>quam</span> <span class='ocrx_word' id='word_1_77' title='bbox 491 1495 626 1566; x_wconf 70' lang='lat' dir='ltr'>parentes</span> <span class='ocrx_word' id='word_1_78' title='bbox 640 1503 696 1567; x_wconf 88' lang='lat' dir='ltr'>pro</span> <span class='ocrx_word' id='word_1_79' title='bbox 705 1480 776 1548; x_wconf 67' lang='lat' dir='ltr'>suis.</span> <span class='ocrx_word' id='word_1_80' title='bbox 822 1477 910 1542; x_wconf 81' lang='lat' dir='ltr'>Vale.</span> 
     </span>
    </p>
   </div>
   <div class='ocr_carea' id='block_1_5' title="bbox 201 1710 868 1759">
    <p class='ocr_par' dir='ltr' id='par_1_5' title="bbox 201 1710 868 1759">
     <span class='ocr_line' id='line_1_13' title="bbox 201 1710 868 1759; baseline 0 -3"><span class='ocrx_word' id='word_1_81' title='bbox 201 1712 282 1758; x_wconf 77' lang='lat' dir='ltr'>XIX.</span> <span class='ocrx_word' id='word_1_82' title='bbox 315 1711 349 1757; x_wconf 75' lang='lat' dir='ltr'>C·</span> <span class='ocrx_word' id='word_1_83' title='bbox 375 1712 525 1758; x_wconf 79' lang='lat' dir='ltr'>PLINIUS</span> <span class='ocrx_word' id='word_1_84' title='bbox 548 1711 709 1759; x_wconf 70' lang='lat' dir='ltr'>centnm</span> <span class='ocrx_word' id='word_1_85' title='bbox 739 1710 808 1757; x_wconf 78' lang='lat' dir='ltr'>SUO</span> <span class='ocrx_word' id='word_1_86' title='bbox 839 1712 868 1756; x_wconf 79' lang='lat'>8.</span> 
     </span>
    </p>
   </div>
   <div class='ocr_carea' id='block_1_6' title="bbox 132 1859 933 3136">
    <p class='ocr_par' dir='ltr' id='par_1_6' title="bbox 132 1859 933 3136">
     <span class='ocr_line' id='line_1_14' title="bbox 138 1859 931 1990; baseline -0.004 -16"><span class='ocrx_word' id='word_1_87' title='bbox 138 1859 368 1974; x_wconf 72' lang='lat' dir='ltr'>Hormus</span> <span class='ocrx_word' id='word_1_88' title='bbox 390 1918 425 1969; x_wconf 85' lang='lat' dir='ltr'>ut</span> <span class='ocrx_word' id='word_1_89' title='bbox 437 1905 604 1969; x_wconf 87' lang='lat' dir='ltr'>orationem</span> <span class='ocrx_word' id='word_1_90' title='bbox 618 1905 723 1970; x_wconf 71' lang='lat' dir='ltr'>amicis</span> <span class='ocrx_word' id='word_1_91' title='bbox 735 1906 869 1990; x_wconf 76' lang='lat' dir='ltr'>pluribus</span> <span class='ocrx_word' id='word_1_92' title='bbox 884 1926 931 1971; x_wconf 86' lang='lat' dir='ltr'>re-</span> 
     </span>
     <span class='ocr_line' id='line_1_15' title="bbox 135 2011 931 2096; baseline 0.001 -21"><span class='ocrx_word' id='word_1_93' title='bbox 135 2014 240 2075; x_wconf 89' lang='lat' dir='ltr'>citem.</span> <span class='ocrx_word' id='word_1_94' title='bbox 287 2011 422 2088; x_wconf 59' lang='lat' dir='ltr'>Facimnc</span> <span class='ocrx_word' id='word_1_95' title='bbox 437 2011 507 2095; x_wconf 84' lang='lat' dir='ltr'>quia</span> <span class='ocrx_word' id='word_1_96' title='bbox 520 2012 666 2076; x_wconf 75' lang='lat' dir='ltr'>hortaris:</span> <span class='ocrx_word' id='word_1_97' title='bbox 689 2012 828 2096; x_wconf 72' lang='lat' dir='ltr'>quamvis</span> <span class='ocrx_word' id='word_1_98' title='bbox 841 2013 931 2077; x_wconf 83' lang='lat' dir='ltr'>vehe-</span> 
     </span>
     <span class='ocr_line' id='line_1_16' title="bbox 136 2115 930 2203; baseline 0.001 -22"><span class='ocrx_word' id='word_1_99' title='bbox 136 2132 258 2181; x_wconf 88' lang='lat' dir='ltr'>menter</span> <span class='ocrx_word' id='word_1_100' title='bbox 269 2118 455 2181; x_wconf 83' lang='lat' dir='ltr'>addubitem.</span> <span class='ocrx_word' id='word_1_101' title='bbox 499 2115 612 2203; x_wconf 88' lang='lat' dir='ltr'>Neque</span> <span class='ocrx_word' id='word_1_102' title='bbox 628 2117 711 2182; x_wconf 89' lang='lat' dir='ltr'>enim</span> <span class='ocrx_word' id='word_1_103' title='bbox 724 2137 775 2181; x_wconf 90' lang='lat' dir='ltr'>me</span> <span class='ocrx_word' id='word_1_104' title='bbox 789 2118 930 2201; x_wconf 70' lang='lat' dir='ltr'>preterit,</span> 
     </span>
     <span class='ocr_line' id='line_1_17' title="bbox 136 2222 930 2309; baseline 0 -21"><span class='ocrx_word' id='word_1_105' title='bbox 136 2223 285 2301; x_wconf 73' lang='lat' dir='ltr'>adiionec,</span> <span class='ocrx_word' id='word_1_106' title='bbox 318 2245 388 2309; x_wconf 85' lang='lat' dir='ltr'>quae</span> <span class='ocrx_word' id='word_1_107' title='bbox 420 2222 593 2300; x_wconf 80' lang='lat' dir='ltr'>recitantur,</span> <span class='ocrx_word' id='word_1_108' title='bbox 619 2223 777 2308; x_wconf 89' lang='lat' dir='ltr'>impetum,</span> <span class='ocrx_word' id='word_1_109' title='bbox 808 2243 930 2288; x_wconf 88' lang='lat' dir='ltr'>omnem</span> 
     </span>
     <span class='ocr_line' id='line_1_18' title="bbox 137 2327 932 2414; baseline 0 -20"><span class='ocrx_word' id='word_1_110' title='bbox 137 2333 284 2407; x_wconf 83' lang='lat' dir='ltr'>calorem,</span> <span class='ocrx_word' id='word_1_111' title='bbox 310 2351 344 2393; x_wconf 84' lang='lat' dir='ltr'>ac</span> <span class='ocrx_word' id='word_1_112' title='bbox 365 2349 456 2414; x_wconf 81' lang='lat' dir='ltr'>prope</span> <span class='ocrx_word' id='word_1_113' title='bbox 478 2348 591 2393; x_wconf 88' lang='lat' dir='ltr'>nomen</span> <span class='ocrx_word' id='word_1_114' title='bbox 616 2327 702 2394; x_wconf 85' lang='lat' dir='ltr'>suum</span> <span class='ocrx_word' id='word_1_115' title='bbox 726 2331 867 2412; x_wconf 77' lang='lat' dir='ltr'>perdere:</span> <span class='ocrx_word' id='word_1_116' title='bbox 897 2343 932 2394; x_wconf 88' lang='lat' dir='ltr'>ut</span> 
     </span>
     <span class='ocr_line' id='line_1_19' title="bbox 135 2433 931 2521; baseline 0 -23"><span class='ocrx_word' id='word_1_117' title='bbox 135 2455 217 2521; x_wconf 80' lang='lat' dir='ltr'>quas</span> <span class='ocrx_word' id='word_1_118' title='bbox 240 2435 352 2499; x_wconf 81' lang='lat' dir='ltr'>soleant</span> <span class='ocrx_word' id='word_1_119' title='bbox 370 2435 594 2511; x_wconf 87' lang='lat' dir='ltr'>commendare,</span> <span class='ocrx_word' id='word_1_120' title='bbox 616 2433 703 2498; x_wconf 89' lang='lat' dir='ltr'>fimul</span> <span class='ocrx_word' id='word_1_121' title='bbox 722 2435 752 2500; x_wconf 74' lang='grc' dir='ltr'>δι</span> <span class='ocrx_word' id='word_1_122' title='bbox 773 2436 931 2499; x_wconf 78' lang='lat' dir='ltr'>accendere</span> 
     </span>
     <span class='ocr_line' id='line_1_20' title="bbox 132 2538 930 2627; baseline 0.001 -23"><span class='ocrx_word' id='word_1_123' title='bbox 132 2541 275 2627; x_wconf 87' lang='lat' dir='ltr'>judicum</span> <span class='ocrx_word' id='word_1_124' title='bbox 289 2538 447 2616; x_wconf 75' lang='lat' dir='ltr'>consessus,</span> <span class='ocrx_word' id='word_1_125' title='bbox 464 2539 620 2604; x_wconf 82' lang='lat' dir='ltr'>celebritas</span> <span class='ocrx_word' id='word_1_126' title='bbox 633 2542 857 2619; x_wconf 79' lang='lat' dir='ltr'>advocatorum,</span> <span class='ocrx_word' id='word_1_127' title='bbox 876 2562 930 2605; x_wconf 86' lang='lat' dir='ltr'>ex·</span> 
     </span>
     <span class='ocr_line' id='line_1_21' title="bbox 136 2642 930 2733; baseline -0.005 -23"><span class='ocrx_word' id='word_1_128' title='bbox 136 2646 269 2733; x_wconf 64' lang='lat' dir='ltr'>pedatio</span> <span class='ocrx_word' id='word_1_129' title='bbox 290 2659 427 2722; x_wconf 86' lang='lat' dir='ltr'>eventus,</span> <span class='ocrx_word' id='word_1_130' title='bbox 452 2642 535 2724; x_wconf 78' lang='lat' dir='ltr'>fama</span> <span class='ocrx_word' id='word_1_131' title='bbox 555 2666 618 2709; x_wconf 90' lang='lat' dir='ltr'>non</span> <span class='ocrx_word' id='word_1_132' title='bbox 638 2645 858 2722; x_wconf 72' lang='lat' dir='ltr'>uniusadoris,</span> <span class='ocrx_word' id='word_1_133' title='bbox 884 2645 930 2706; x_wconf 86' lang='lat' dir='ltr'>di·</span> 
     </span>
     <span class='ocr_line' id='line_1_22' title="bbox 136 2750 932 2837; baseline -0.008 -20"><span class='ocrx_word' id='word_1_134' title='bbox 136 2753 326 2837; x_wconf 70' lang='lat' dir='ltr'>ductumque</span> <span class='ocrx_word' id='word_1_135' title='bbox 339 2753 372 2815; x_wconf 88' lang='lat' dir='ltr'>in</span> <span class='ocrx_word' id='word_1_136' title='bbox 392 2764 494 2837; x_wconf 81' lang='lat' dir='ltr'>partes</span> <span class='ocrx_word' id='word_1_137' title='bbox 511 2752 698 2816; x_wconf 86' lang='lat' dir='ltr'>audientium</span> <span class='ocrx_word' id='word_1_138' title='bbox 717 2750 866 2815; x_wconf 79' lang='lat' dir='ltr'>studium:</span> <span class='ocrx_word' id='word_1_139' title='bbox 894 2750 932 2812; x_wconf 84' lang='lat' dir='ltr'>ad</span> 
     </span>
     <span class='ocr_line' id='line_1_23' title="bbox 135 2854 930 2946; baseline -0.009 -23"><span class='ocrx_word' id='word_1_140' title='bbox 135 2862 210 2946; x_wconf 73' lang='lat' dir='ltr'>hoc,</span> <span class='ocrx_word' id='word_1_141' title='bbox 230 2858 356 2922; x_wconf 83' lang='lat' dir='ltr'>dicentis</span> <span class='ocrx_word' id='word_1_142' title='bbox 375 2856 482 2942; x_wconf 76' lang='lat' dir='ltr'>gestus,</span> <span class='ocrx_word' id='word_1_143' title='bbox 506 2856 643 2936; x_wconf 81' lang='lat' dir='ltr'>inotffue,</span> <span class='ocrx_word' id='word_1_144' title='bbox 669 2854 813 2924; x_wconf 85' lang='lat' dir='ltr'>discursus</span> <span class='ocrx_word' id='word_1_145' title='bbox 826 2854 930 2932; x_wconf 82' lang='lat' dir='ltr'>etiam,</span> 
     </span>
     <span class='ocr_line' id='line_1_24' title="bbox 135 2960 933 3049; baseline -0.008 -19"><span class='ocrx_word' id='word_1_146' title='bbox 135 2962 339 3049; x_wconf 82' lang='lat' dir='ltr'>omnibusque</span> <span class='ocrx_word' id='word_1_147' title='bbox 353 2964 486 3037; x_wconf 80' lang='lat' dir='ltr'>motibus</span> <span class='ocrx_word' id='word_1_148' title='bbox 503 2963 599 3027; x_wconf 82' lang='lat' dir='ltr'>animi</span> <span class='ocrx_word' id='word_1_149' title='bbox 622 2962 834 3029; x_wconf 78' lang='lat' dir='ltr'>consentaneus</span> <span class='ocrx_word' id='word_1_150' title='bbox 847 2960 933 3046; x_wconf 79' lang='lat' dir='ltr'>vigor</span> 
     </span>
     <span class='ocr_line' id='line_1_25' title="bbox 538 3066 615 3136; baseline 0.013 -1"><span class='ocrx_word' id='word_1_151' title='bbox 538 3066 573 3135; x_wconf 90' lang='lat' dir='ltr'>G</span> <span class='ocrx_word' id='word_1_152' title='bbox 595 3086 615 3136; x_wconf 87' lang='lat'>2</span> 
     </span>
    </p>
   </div>
   <div class='ocr_carea' id='block_1_7' title="bbox 0 0 1164 3767">
    <p class='ocr_par' dir='ltr' id='par_1_7' title="bbox 0 0 1164 3767">
     <span class='ocr_line' id='line_1_26' title="bbox 0 0 1164 3767; baseline 0 0"><span class='ocrx_word' id='word_1_153' title='bbox 0 0 1164 3767; x_wconf 95' lang='lat' dir='ltr'> </span> 
     </span>
    </p>
   </div>
  </div>
 </body>
</html>
